<?xml version="1.0" encoding="UTF-8"?>
<!DOCTYPE html PUBLIC "-//W3C//DTD XHTML 1.0 Transitional//EN"
    "http://www.w3.org/TR/xhtml1/DTD/xhtml1-transitional.dtd">
<html xmlns="http://www.w3.org/1999/xhtml" xml:lang="en" lang="en">
 <head>
  <title>
</title>
<meta http-equiv="Content-Type" content="text/html;charset=utf-8" />
  <meta name='ocr-system' content='tesseract 3.04.00' />
  <meta name='ocr-capabilities' content='ocr_page ocr_carea ocr_par ocr_line ocrx_word'/>
</head>
<body>
  <div class='ocr_page' id='page_1' title='image "./hectorisboetiimu00boecuoft_0053.png"; bbox 0 0 2944 3906; ppageno 0'>
   <div class='ocr_carea' id='block_1_1' title="bbox 1013 435 2234 481">
    <p class='ocr_par' dir='ltr' id='par_1_1' title="bbox 1013 435 2234 481">
     <span class='ocr_line' id='line_1_1' title="bbox 1013 435 2234 481; baseline -0.002 -2"><span class='ocrx_word' id='word_1_1' title='bbox 1013 436 1467 481; x_wconf 87' lang='lat' dir='ltr'>EPISCOPORUM</span> <span class='ocrx_word' id='word_1_2' title='bbox 1495 435 1671 480; x_wconf 89' lang='lat' dir='ltr'><strong>VITAE.</strong></span> <span class='ocrx_word' id='word_1_3' title='bbox 2178 440 2234 478; x_wconf 82' lang='lat'><strong>39</strong></span> 
     </span>
    </p>
   </div>
   <div class='ocr_carea' id='block_1_2' title="bbox 447 583 2566 1929">
    <p class='ocr_par' dir='ltr' id='par_1_2' title="bbox 447 583 2566 1929">
     <span class='ocr_line' id='line_1_2' title="bbox 459 583 2566 650; baseline -0.002 -15"><span class='ocrx_word' id='word_1_4' title='bbox 459 588 801 650; x_wconf 90' lang='lat' dir='ltr'><strong>Glasguensem</strong></span> <span class='ocrx_word' id='word_1_5' title='bbox 835 584 1163 646; x_wconf 87' lang='lat' dir='ltr'><strong>pontificatum</strong></span> <span class='ocrx_word' id='word_1_6' title='bbox 1195 584 1363 631; x_wconf 85' lang='lat' dir='ltr'><strong>fuisset</strong></span> <span class='ocrx_word' id='word_1_7' title='bbox 1399 585 1659 631; x_wconf 86' lang='lat' dir='ltr'><strong>traductus.</strong></span> <span class='ocrx_word' id='word_1_8' title='bbox 1727 583 1826 631; x_wconf 89' lang='lat' dir='ltr'><strong>Sub</strong></span> <span class='ocrx_word' id='word_1_9' title='bbox 1859 584 1909 630; x_wconf 90' lang='lat' dir='ltr'><strong>id</strong></span> <span class='ocrx_word' id='word_1_10' title='bbox 1942 589 2129 645; x_wconf 90' lang='lat' dir='ltr'><strong>tempus</strong></span> <span class='ocrx_word' id='word_1_11' title='bbox 2163 599 2237 632; x_wconf 88' lang='lat' dir='ltr'><strong>res</strong></span> <span class='ocrx_word' id='word_1_12' title='bbox 2262 590 2322 637; x_wconf 80' lang='lat' dir='ltr'><strong>A.</strong></span> <span class='ocrx_word' id='word_1_13' title='bbox 2338 589 2398 636; x_wconf 89' lang='lat' dir='ltr'><strong>D.</strong></span> <span class='ocrx_word' id='word_1_14' title='bbox 2426 590 2566 634; x_wconf 73' lang='grc'><strong>1484.</strong></span> 
     </span>
     <span class='ocr_line' id='line_1_3' title="bbox 454 681 2237 746; baseline -0.002 -13"><span class='ocrx_word' id='word_1_15' title='bbox 454 687 651 733; x_wconf 88' lang='lat' dir='ltr'><strong>Scoticae</strong></span> <span class='ocrx_word' id='word_1_16' title='bbox 672 684 900 731; x_wconf 88' lang='lat' dir='ltr'><strong>intestina</strong></span> <span class='ocrx_word' id='word_1_17' title='bbox 930 683 1160 730; x_wconf 89' lang='lat' dir='ltr'><strong>seditione</strong></span> <span class='ocrx_word' id='word_1_18' title='bbox 1187 684 1361 746; x_wconf 86' lang='lat' dir='ltr'><strong>jactari</strong></span> <span class='ocrx_word' id='word_1_19' title='bbox 1388 688 1645 744; x_wconf 85' lang='lat' dir='ltr'><strong>coeperunt.</strong></span> <span class='ocrx_word' id='word_1_20' title='bbox 1714 681 1979 730; x_wconf 87' lang='lat' dir='ltr'><strong>Gerebatur</strong></span> <span class='ocrx_word' id='word_1_21' title='bbox 2007 690 2113 730; x_wconf 90' lang='lat' dir='ltr'><strong>tum</strong></span> <span class='ocrx_word' id='word_1_22' title='bbox 2140 685 2237 731; x_wconf 93' lang='lat' dir='ltr'><strong>bel-</strong></span> 
     </span>
     <span class='ocr_line' id='line_1_4' title="bbox 453 781 2238 846; baseline -0.001 -16"><span class='ocrx_word' id='word_1_23' title='bbox 453 788 553 832; x_wconf 90' lang='lat' dir='ltr'><strong>lum</strong></span> <span class='ocrx_word' id='word_1_24' title='bbox 577 786 702 831; x_wconf 91' lang='lat' dir='ltr'><strong>inter</strong></span> <span class='ocrx_word' id='word_1_25' title='bbox 724 782 1009 829; x_wconf 87' lang='lat' dir='ltr'><strong>Eduardum</strong></span> <span class='ocrx_word' id='word_1_26' title='bbox 1031 781 1303 845; x_wconf 89' lang='lat' dir='ltr'><strong>Anglorum</strong></span> <span class='ocrx_word' id='word_1_27' title='bbox 1325 797 1487 846; x_wconf 90' lang='lat' dir='ltr'><strong>regem</strong></span> <span class='ocrx_word' id='word_1_28' title='bbox 1510 788 1558 829; x_wconf 91' lang='lat' dir='ltr'><strong>et</strong></span> <span class='ocrx_word' id='word_1_29' title='bbox 1579 781 1613 828; x_wconf 87' lang='lat' dir='ltr'>J</span> <span class='ocrx_word' id='word_1_30' title='bbox 1613 781 1810 829; x_wconf 86' lang='lat' dir='ltr'><strong>acobum</strong></span> <span class='ocrx_word' id='word_1_31' title='bbox 1837 781 2071 828; x_wconf 89' lang='lat' dir='ltr'><strong>Tertium.</strong></span> <span class='ocrx_word' id='word_1_32' title='bbox 2138 782 2238 829; x_wconf 90' lang='lat' dir='ltr'><strong>Ed·-</strong></span> 
     </span>
     <span class='ocr_line' id='line_1_5' title="bbox 453 880 2238 944; baseline -0.001 -15"><span class='ocrx_word' id='word_1_33' title='bbox 453 883 602 929; x_wconf 88' lang='lat' dir='ltr'><strong>uardo</strong></span> <span class='ocrx_word' id='word_1_34' title='bbox 623 882 675 927; x_wconf 93' lang='lat' dir='ltr'><strong>in</strong></span> <span class='ocrx_word' id='word_1_35' title='bbox 698 881 906 928; x_wconf 89' lang='lat' dir='ltr'><strong>Scotiam</strong></span> <span class='ocrx_word' id='word_1_36' title='bbox 929 896 1105 944; x_wconf 89' lang='lat' dir='ltr'><strong>magno</strong></span> <span class='ocrx_word' id='word_1_37' title='bbox 1137 897 1244 928; x_wconf 94' lang='lat' dir='ltr'><strong>cum</strong></span> <span class='ocrx_word' id='word_1_38' title='bbox 1277 883 1488 929; x_wconf 85' lang='lat' dir='ltr'><strong>exercitu</strong></span> <span class='ocrx_word' id='word_1_39' title='bbox 1519 883 1835 936; x_wconf 85' lang='lat' dir='ltr'><strong>contendenti,</strong></span> <span class='ocrx_word' id='word_1_40' title='bbox 1858 880 2131 928; x_wconf 84' lang='lat' dir='ltr'><strong>Alexander</strong></span> <span class='ocrx_word' id='word_1_41' title='bbox 2152 882 2238 928; x_wconf 92' lang='lat' dir='ltr'><strong>Al-</strong></span> 
     </span>
     <span class='ocr_line' id='line_1_6' title="bbox 449 981 2236 1043; baseline -0.001 -16"><span class='ocrx_word' id='word_1_42' title='bbox 449 981 600 1028; x_wconf 88' lang='lat' dir='ltr'><strong>baniae</strong></span> <span class='ocrx_word' id='word_1_43' title='bbox 635 982 750 1035; x_wconf 87' lang='lat' dir='ltr'><strong>dux,</strong></span> <span class='ocrx_word' id='word_1_44' title='bbox 786 981 939 1027; x_wconf 88' lang='lat' dir='ltr'><strong>hostis</strong></span> <span class='ocrx_word' id='word_1_45' title='bbox 971 996 1001 1027; x_wconf 89' lang='lat' dir='ltr'><strong>a</strong></span> <span class='ocrx_word' id='word_1_46' title='bbox 1033 996 1145 1043; x_wconf 90' lang='lat' dir='ltr'><strong>rege</strong></span> <span class='ocrx_word' id='word_1_47' title='bbox 1172 981 1431 1043; x_wconf 87' lang='lat' dir='ltr'><strong>judicatus,</strong></span> <span class='ocrx_word' id='word_1_48' title='bbox 1453 981 1552 1026; x_wconf 90' lang='lat' dir='ltr'><strong>suis</strong></span> <span class='ocrx_word' id='word_1_49' title='bbox 1577 995 1684 1026; x_wconf 90' lang='lat' dir='ltr'><strong>cum</strong></span> <span class='ocrx_word' id='word_1_50' title='bbox 1707 981 1852 1041; x_wconf 88' lang='lat' dir='ltr'><strong>copiis</strong></span> <span class='ocrx_word' id='word_1_51' title='bbox 1876 986 1948 1026; x_wconf 90' lang='lat' dir='ltr'><strong>est</strong></span> <span class='ocrx_word' id='word_1_52' title='bbox 1970 981 2236 1042; x_wconf 87' lang='lat' dir='ltr'><strong>adjunctus.</strong></span> 
     </span>
     <span class='ocr_line' id='line_1_7' title="bbox 454 1078 2238 1140; baseline -0.002 -13"><span class='ocrx_word' id='word_1_53' title='bbox 454 1080 590 1127; x_wconf 82' lang='lat' dir='ltr'><strong>Huic</strong></span> <span class='ocrx_word' id='word_1_54' title='bbox 608 1080 858 1127; x_wconf 82' lang='lat' dir='ltr'>Scotorum</span> <span class='ocrx_word' id='word_1_55' title='bbox 880 1081 1144 1140; x_wconf 85' lang='lat' dir='ltr'><strong>complures</strong></span> <span class='ocrx_word' id='word_1_56' title='bbox 1174 1079 1415 1135; x_wconf 87' lang='lat' dir='ltr'><strong>favebant,</strong></span> <span class='ocrx_word' id='word_1_57' title='bbox 1447 1078 1620 1140; x_wconf 88' lang='lat' dir='ltr'><strong>quibus</strong></span> <span class='ocrx_word' id='word_1_58' title='bbox 1649 1078 1681 1131; x_wconf 85' lang='lat' dir='ltr'>J</span> <span class='ocrx_word' id='word_1_59' title='bbox 1684 1079 1814 1124; x_wconf 87' lang='lat' dir='ltr'><strong>acobi</strong></span> <span class='ocrx_word' id='word_1_60' title='bbox 1848 1079 2102 1138; x_wconf 89' lang='lat' dir='ltr'><strong>imperium</strong></span> <span class='ocrx_word' id='word_1_61' title='bbox 2136 1086 2238 1125; x_wconf 86' lang='lat' dir='ltr'><strong>erat</strong></span> 
     </span>
     <span class='ocr_line' id='line_1_8' title="bbox 450 1175 2238 1240; baseline -0.002 -14"><span class='ocrx_word' id='word_1_62' title='bbox 450 1180 682 1234; x_wconf 88' lang='lat' dir='ltr'><strong>odiosum,</strong></span> <span class='ocrx_word' id='word_1_63' title='bbox 696 1180 824 1240; x_wconf 92' lang='lat' dir='ltr'><strong>quod</strong></span> <span class='ocrx_word' id='word_1_64' title='bbox 834 1179 1134 1240; x_wconf 88' lang='lat' dir='ltr'><strong>quorundam</strong></span> <span class='ocrx_word' id='word_1_65' title='bbox 1147 1175 1221 1237; x_wconf 93' lang='lat' dir='ltr'><strong>(ut</strong></span> <span class='ocrx_word' id='word_1_66' title='bbox 1231 1177 1490 1240; x_wconf 89' lang='lat' dir='ltr'><strong>ferebatur)</strong></span> <span class='ocrx_word' id='word_1_67' title='bbox 1503 1177 1715 1224; x_wconf 89' lang='lat' dir='ltr'><strong>obscurae</strong></span> <span class='ocrx_word' id='word_1_68' title='bbox 1730 1177 1941 1239; x_wconf 88' lang='lat' dir='ltr'><strong>originis,</strong></span> <span class='ocrx_word' id='word_1_69' title='bbox 1956 1192 2074 1237; x_wconf 87' lang='lat' dir='ltr'><strong>quos</strong></span> <span class='ocrx_word' id='word_1_70' title='bbox 2092 1192 2238 1223; x_wconf 88' lang='lat' dir='ltr'><strong>secre-</strong></span> 
     </span>
     <span class='ocr_line' id='line_1_9' title="bbox 448 1275 2240 1337; baseline -0.001 -13"><span class='ocrx_word' id='word_1_71' title='bbox 448 1279 561 1325; x_wconf 88' lang='lat' dir='ltr'><strong>tiori</strong></span> <span class='ocrx_word' id='word_1_72' title='bbox 595 1279 872 1324; x_wconf 88' lang='lat' dir='ltr'><strong>admoverat</strong></span> <span class='ocrx_word' id='word_1_73' title='bbox 895 1278 1105 1332; x_wconf 89' lang='lat' dir='ltr'><strong>consilio,</strong></span> <span class='ocrx_word' id='word_1_74' title='bbox 1138 1278 1191 1323; x_wconf 92' lang='lat' dir='ltr'><strong>in</strong></span> <span class='ocrx_word' id='word_1_75' title='bbox 1217 1277 1407 1337; x_wconf 88' lang='lat' dir='ltr'><strong>publica</strong></span> <span class='ocrx_word' id='word_1_76' title='bbox 1437 1276 1846 1322; x_wconf 84' lang='lat' dir='ltr'><strong>administratione</strong></span> <span class='ocrx_word' id='word_1_77' title='bbox 1873 1275 2110 1322; x_wconf 88' lang='lat' dir='ltr'><strong>sententia</strong></span> <span class='ocrx_word' id='word_1_78' title='bbox 2135 1281 2240 1322; x_wconf 91' lang='lat' dir='ltr'><strong>ute-</strong></span> 
     </span>
     <span class='ocr_line' id='line_1_10' title="bbox 449 1373 2238 1437; baseline -0.002 -14"><span class='ocrx_word' id='word_1_79' title='bbox 449 1377 604 1423; x_wconf 87' lang='lat' dir='ltr'><strong>batur.</strong></span> <span class='ocrx_word' id='word_1_80' title='bbox 674 1376 1018 1437; x_wconf 88' lang='lat' dir='ltr'><strong>Spectabatque</strong></span> <span class='ocrx_word' id='word_1_81' title='bbox 1046 1376 1150 1437; x_wconf 86' lang='lat' dir='ltr'><strong>jam</strong></span> <span class='ocrx_word' id='word_1_82' title='bbox 1178 1390 1254 1422; x_wconf 86' lang='lat' dir='ltr'><strong>res</strong></span> <span class='ocrx_word' id='word_1_83' title='bbox 1279 1373 2068 1436; x_wconf 83' lang='lat' dir='ltr'><strong>(excandescentibus&#39;primatibus)</strong></span> <span class='ocrx_word' id='word_1_84' title='bbox 2092 1389 2238 1435; x_wconf 89' lang='lat' dir='ltr'><strong>prope</strong></span> 
     </span>
     <span class='ocr_line' id='line_1_11' title="bbox 450 1473 2239 1535; baseline -0.001 -14"><span class='ocrx_word' id='word_1_85' title='bbox 450 1476 511 1521; x_wconf 90' lang='lat' dir='ltr'><strong>ad</strong></span> <span class='ocrx_word' id='word_1_86' title='bbox 533 1474 857 1521; x_wconf 89' lang='lat' dir='ltr'><strong>defectionem.</strong></span> <span class='ocrx_word' id='word_1_87' title='bbox 907 1474 1049 1520; x_wconf 92' lang='lat' dir='ltr'><strong>Unde</strong></span> <span class='ocrx_word' id='word_1_88' title='bbox 1073 1474 1308 1528; x_wconf 87' lang='lat' dir='ltr'><strong>effectum,</strong></span> <span class='ocrx_word' id='word_1_89' title='bbox 1331 1479 1388 1520; x_wconf 92' lang='lat' dir='ltr'><strong>ut</strong></span> <span class='ocrx_word' id='word_1_90' title='bbox 1408 1488 1585 1535; x_wconf 89' lang='lat' dir='ltr'><strong>regem,</strong></span> <span class='ocrx_word' id='word_1_91' title='bbox 1607 1488 1805 1535; x_wconf 88' lang='lat' dir='ltr'><strong>magnas</strong></span> <span class='ocrx_word' id='word_1_92' title='bbox 1829 1474 1986 1533; x_wconf 89' lang='lat' dir='ltr'><strong>copias</strong></span> <span class='ocrx_word' id='word_1_93' title='bbox 2009 1473 2239 1520; x_wconf 89' lang='lat' dir='ltr'><strong>Eduardo</strong></span> 
     </span>
     <span class='ocr_line' id='line_1_12' title="bbox 454 1568 2236 1634; baseline -0.001 -14"><span class='ocrx_word' id='word_1_94' title='bbox 454 1574 645 1620; x_wconf 89' lang='lat' dir='ltr'><strong>obviam</strong></span> <span class='ocrx_word' id='word_1_95' title='bbox 667 1574 720 1618; x_wconf 93' lang='lat' dir='ltr'><strong>in</strong></span> <span class='ocrx_word' id='word_1_96' title='bbox 742 1571 972 1634; x_wconf 86' lang='lat' dir='ltr'><strong>Angliam</strong></span> <span class='ocrx_word' id='word_1_97' title='bbox 994 1572 1260 1626; x_wconf 89' lang='lat' dir='ltr'><strong>ducentem,</strong></span> <span class='ocrx_word' id='word_1_98' title='bbox 1294 1571 1526 1631; x_wconf 90' lang='lat' dir='ltr'><strong>primores</strong></span> <span class='ocrx_word' id='word_1_99' title='bbox 1549 1572 1961 1626; x_wconf 86' lang='lat' dir='ltr'><strong>circumsisterent,</strong></span> <span class='ocrx_word' id='word_1_100' title='bbox 1991 1572 2138 1618; x_wconf 89' lang='lat' dir='ltr'><strong>donec</strong></span> <span class='ocrx_word' id='word_1_101' title='bbox 2162 1568 2236 1630; x_wconf 87' lang='lat' dir='ltr'><strong>(ut</strong></span> 
     </span>
     <span class='ocr_line' id='line_1_13' title="bbox 452 1669 2239 1733; baseline -0.001 -15"><span class='ocrx_word' id='word_1_102' title='bbox 452 1673 586 1732; x_wconf 90' lang='lat' dir='ltr'><strong>prius</strong></span> <span class='ocrx_word' id='word_1_103' title='bbox 609 1676 711 1717; x_wconf 90' lang='lat' dir='ltr'><strong>erat</strong></span> <span class='ocrx_word' id='word_1_104' title='bbox 734 1671 1073 1733; x_wconf 89' lang='lat' dir='ltr'><strong>consultatum)</strong></span> <span class='ocrx_word' id='word_1_105' title='bbox 1098 1670 1406 1731; x_wconf 86' lang='lat' dir='ltr'><strong>apparitores,</strong></span> <span class='ocrx_word' id='word_1_106' title='bbox 1439 1669 1613 1730; x_wconf 87' lang='lat' dir='ltr'><strong>quibus</strong></span> <span class='ocrx_word' id='word_1_107' title='bbox 1641 1670 1887 1731; x_wconf 90' lang='lat' dir='ltr'><strong>negotium</strong></span> <span class='ocrx_word' id='word_1_108' title='bbox 1914 1675 2016 1715; x_wconf 88' lang='lat' dir='ltr'><strong>erat</strong></span> <span class='ocrx_word' id='word_1_109' title='bbox 2042 1671 2239 1730; x_wconf 90' lang='lat' dir='ltr'><strong>permis-</strong></span> 
     </span>
     <span class='ocr_line' id='line_1_14' title="bbox 448 1768 2238 1830; baseline -0.002 -14"><span class='ocrx_word' id='word_1_110' title='bbox 448 1786 572 1826; x_wconf 89' lang='lat' dir='ltr'><strong>sum,</strong></span> <span class='ocrx_word' id='word_1_111' title='bbox 593 1769 816 1824; x_wconf 88' lang='lat' dir='ltr'><strong>nefarios,</strong></span> <span class='ocrx_word' id='word_1_112' title='bbox 839 1784 1045 1830; x_wconf 90' lang='lat' dir='ltr'><strong>quorum</strong></span> <span class='ocrx_word' id='word_1_113' title='bbox 1068 1770 1261 1815; x_wconf 89' lang='lat' dir='ltr'><strong>sinistro</strong></span> <span class='ocrx_word' id='word_1_114' title='bbox 1284 1768 1479 1815; x_wconf 88' lang='lat' dir='ltr'><strong>consilio</strong></span> <span class='ocrx_word' id='word_1_115' title='bbox 1506 1769 1750 1828; x_wconf 90' lang='lat' dir='ltr'><strong>complura</strong></span> <span class='ocrx_word' id='word_1_116' title='bbox 1771 1768 2070 1814; x_wconf 88' lang='lat' dir='ltr'><strong>incommoda</strong></span> <span class='ocrx_word' id='word_1_117' title='bbox 2096 1770 2238 1814; x_wconf 89' lang='lat' dir='ltr'><strong>multi</strong></span> 
     </span>
     <span class='ocr_line' id='line_1_15' title="bbox 447 1867 2238 1929; baseline -0.001 -14"><span class='ocrx_word' id='word_1_118' title='bbox 447 1870 640 1915; x_wconf 87' lang='lat' dir='ltr'><strong>fuerant</strong></span> <span class='ocrx_word' id='word_1_119' title='bbox 663 1869 889 1929; x_wconf 90' lang='lat' dir='ltr'><strong>perpessi,</strong></span> <span class='ocrx_word' id='word_1_120' title='bbox 911 1867 1119 1915; x_wconf 87' lang='lat' dir='ltr'><strong>fortunis</strong></span> <span class='ocrx_word' id='word_1_121' title='bbox 1142 1867 1362 1914; x_wconf 89' lang='lat' dir='ltr'><strong>omnibus</strong></span> <span class='ocrx_word' id='word_1_122' title='bbox 1390 1872 1558 1913; x_wconf 86' lang='lat' dir='ltr'><strong>exutos</strong></span> <span class='ocrx_word' id='word_1_123' title='bbox 1586 1872 1634 1912; x_wconf 90' lang='lat' dir='ltr'><strong>et</strong></span> <span class='ocrx_word' id='word_1_124' title='bbox 1656 1872 1818 1927; x_wconf 87' lang='lat' dir='ltr'><strong>raptos</strong></span> <span class='ocrx_word' id='word_1_125' title='bbox 1849 1868 1910 1913; x_wconf 91' lang='lat' dir='ltr'><strong>ad</strong></span> <span class='ocrx_word' id='word_1_126' title='bbox 1938 1867 2238 1928; x_wconf 87' lang='lat' dir='ltr'><strong>supplicium,</strong></span> 
     </span>
    </p>
   </div>
   <div class='ocr_carea' id='block_1_3' title="bbox 447 1967 1256 2029">
    <p class='ocr_par' dir='ltr' id='par_1_3' title="bbox 447 1967 1256 2029">
     <span class='ocr_line' id='line_1_16' title="bbox 447 1967 1256 2029; baseline -0.004 -14"><span class='ocrx_word' id='word_1_127' title='bbox 447 1968 628 2028; x_wconf 89' lang='lat' dir='ltr'><strong>laqueis</strong></span> <span class='ocrx_word' id='word_1_128' title='bbox 651 1968 800 2013; x_wconf 89' lang='lat' dir='ltr'><strong>vitam</strong></span> <span class='ocrx_word' id='word_1_129' title='bbox 823 1967 960 2013; x_wconf 90' lang='lat' dir='ltr'><strong>finire</strong></span> <span class='ocrx_word' id='word_1_130' title='bbox 983 1967 1256 2029; x_wconf 86' lang='lat' dir='ltr'><strong>coegissent.</strong></span> 
     </span>
    </p>
   </div>
   <div class='ocr_carea' id='block_1_4' title="bbox 449 2162 2241 3014">
    <p class='ocr_par' dir='ltr' id='par_1_4' title="bbox 449 2162 2241 3014">
     <span class='ocr_line' id='line_1_17' title="bbox 519 2162 2240 2224; baseline 0 -14"><span class='ocrx_word' id='word_1_131' title='bbox 519 2164 600 2210; x_wconf 91' lang='lat' dir='ltr'><strong>Ad</strong></span> <span class='ocrx_word' id='word_1_132' title='bbox 623 2169 842 2211; x_wconf 89' lang='lat' dir='ltr'><strong>nostrum</strong></span> <span class='ocrx_word' id='word_1_133' title='bbox 865 2165 1005 2217; x_wconf 84' lang='lat' dir='ltr'><strong>redeo</strong></span> <span class='ocrx_word' id='word_1_134' title='bbox 1028 2162 1319 2210; x_wconf 88' lang='lat' dir='ltr'><strong>institutum.</strong></span> <span class='ocrx_word' id='word_1_135' title='bbox 1369 2163 1594 2217; x_wconf 91' lang='lat' dir='ltr'><strong>Roberto,</strong></span> <span class='ocrx_word' id='word_1_136' title='bbox 1628 2178 1724 2224; x_wconf 88' lang='lat' dir='ltr'><strong>quo</strong></span> <span class='ocrx_word' id='word_1_137' title='bbox 1751 2163 1959 2210; x_wconf 83' lang='lat' dir='ltr'><strong>diximus</strong></span> <span class='ocrx_word' id='word_1_138' title='bbox 1989 2164 2144 2218; x_wconf 92' lang='lat' dir='ltr'><strong>modo,</strong></span> <span class='ocrx_word' id='word_1_139' title='bbox 2178 2165 2240 2210; x_wconf 89' lang='lat' dir='ltr'><strong>ad</strong></span> 
     </span>
     <span class='ocr_line' id='line_1_18' title="bbox 452 2261 2240 2327; baseline -0.002 -17"><span class='ocrx_word' id='word_1_140' title='bbox 452 2263 680 2311; x_wconf 89' lang='lat' dir='ltr'><strong>celebrem</strong></span> <span class='ocrx_word' id='word_1_141' title='bbox 710 2262 1052 2325; x_wconf 89' lang='lat' dir='ltr'><strong>Glasguensem</strong></span> <span class='ocrx_word' id='word_1_142' title='bbox 1076 2263 1316 2309; x_wconf 88' lang='lat' dir='ltr'><strong>ecclesiam</strong></span> <span class='ocrx_word' id='word_1_143' title='bbox 1340 2263 1572 2316; x_wconf 89' lang='lat' dir='ltr'><strong>traducto,</strong></span> <span class='ocrx_word' id='word_1_144' title='bbox 1605 2262 1655 2307; x_wconf 92' lang='lat' dir='ltr'><strong>in</strong></span> <span class='ocrx_word' id='word_1_145' title='bbox 1687 2261 1790 2323; x_wconf 91' lang='lat' dir='ltr'><strong>ejus</strong></span> <span class='ocrx_word' id='word_1_146' title='bbox 1816 2262 1973 2308; x_wconf 92' lang='lat' dir='ltr'><strong>locum</strong></span> <span class='ocrx_word' id='word_1_147' title='bbox 2003 2276 2104 2327; x_wconf 70' lang='lat' dir='ltr'><strong>non</strong></span> <span class='ocrx_word' id='word_1_148' title='bbox 2139 2262 2240 2308; x_wconf 86' lang='lat' dir='ltr'><strong>tam</strong></span> 
     </span>
     <span class='ocr_line' id='line_1_19' title="bbox 449 2358 2240 2422; baseline -0.003 -13"><span class='ocrx_word' id='word_1_149' title='bbox 449 2363 663 2410; x_wconf 88' lang='lat' dir='ltr'><strong>omnium</strong></span> <span class='ocrx_word' id='word_1_150' title='bbox 693 2376 924 2409; x_wconf 91' lang='lat' dir='ltr'><strong>consensu</strong></span> <span class='ocrx_word' id='word_1_151' title='bbox 954 2375 1099 2422; x_wconf 87' lang='lat' dir='ltr'><strong>quam</strong></span> <span class='ocrx_word' id='word_1_152' title='bbox 1123 2361 1353 2407; x_wconf 91' lang='lat' dir='ltr'><strong>desiderio</strong></span> <span class='ocrx_word' id='word_1_153' title='bbox 1375 2358 1802 2406; x_wconf 89' lang='lat' dir='ltr'>WILHELMUS</span> <span class='ocrx_word' id='word_1_154' title='bbox 1824 2358 2240 2405; x_wconf 85' lang='lat' dir='ltr'><strong>ELPHINSTo-</strong></span> 
     </span>
     <span class='ocr_line' id='line_1_20' title="bbox 450 2456 2239 2520; baseline -0.002 -13"><span class='ocrx_word' id='word_1_155' title='bbox 450 2460 585 2507; x_wconf 91' lang='lat' dir='ltr'><strong>NUS</strong></span> <span class='ocrx_word' id='word_1_156' title='bbox 608 2461 834 2507; x_wconf 88' lang='lat' dir='ltr'><strong>suffectus</strong></span> <span class='ocrx_word' id='word_1_157' title='bbox 865 2465 937 2506; x_wconf 91' lang='lat' dir='ltr'><strong>est</strong></span> <span class='ocrx_word' id='word_1_158' title='bbox 958 2473 970 2505; x_wconf 72' lang='grc' dir='ltr'>ε</span> <span class='ocrx_word' id='word_1_159' title='bbox 1004 2460 1148 2506; x_wconf 91' lang='lat' dir='ltr'><strong>homo</strong></span> <span class='ocrx_word' id='word_1_160' title='bbox 1180 2456 1327 2520; x_wconf 89' lang='lat' dir='ltr'><strong>(quod</strong></span> <span class='ocrx_word' id='word_1_161' title='bbox 1353 2459 1455 2505; x_wconf 91' lang='lat' dir='ltr'><strong>sine</strong></span> <span class='ocrx_word' id='word_1_162' title='bbox 1477 2459 1660 2505; x_wconf 89' lang='lat' dir='ltr'><strong>invidia</strong></span> <span class='ocrx_word' id='word_1_163' title='bbox 1685 2459 1794 2504; x_wconf 86' lang='lat' dir='ltr'><strong>licet</strong></span> <span class='ocrx_word' id='word_1_164' title='bbox 1823 2458 1995 2511; x_wconf 67' lang='lat' dir='ltr'><strong>dicere)</strong></span> <span class='ocrx_word' id='word_1_165' title='bbox 2024 2457 2239 2504; x_wconf 90' lang='lat' dir='ltr'><strong>omnium</strong></span> 
     </span>
     <span class='ocr_line' id='line_1_21' title="bbox 451 2556 2241 2619; baseline -0.002 -13"><span class='ocrx_word' id='word_1_166' title='bbox 451 2561 535 2619; x_wconf 89' lang='lat' dir='ltr'><strong>qui</strong></span> <span class='ocrx_word' id='word_1_167' title='bbox 557 2566 721 2606; x_wconf 91' lang='lat' dir='ltr'><strong>nostro</strong></span> <span class='ocrx_word' id='word_1_168' title='bbox 743 2559 941 2606; x_wconf 92' lang='lat' dir='ltr'><strong>fuerunt</strong></span> <span class='ocrx_word' id='word_1_169' title='bbox 963 2565 1175 2619; x_wconf 91' lang='lat' dir='ltr'><strong>tempore</strong></span> <span class='ocrx_word' id='word_1_170' title='bbox 1197 2558 1593 2619; x_wconf 90' lang='lat' dir='ltr'><strong>prudentissimus</strong></span> <span class='ocrx_word' id='word_1_171' title='bbox 1613 2574 1624 2603; x_wconf 79' lang='lat' dir='ltr'><em>z</em></span> <span class='ocrx_word' id='word_1_172' title='bbox 1660 2558 1796 2619; x_wconf 90' lang='lat' dir='ltr'><strong>cujus</strong></span> <span class='ocrx_word' id='word_1_173' title='bbox 1818 2556 1920 2603; x_wconf 87' lang='lat' dir='ltr'><strong>vita</strong></span> <span class='ocrx_word' id='word_1_174' title='bbox 1947 2557 2138 2603; x_wconf 88' lang='lat' dir='ltr'><strong>tametsi</strong></span> <span class='ocrx_word' id='word_1_175' title='bbox 2159 2571 2241 2602; x_wconf 91' lang='lat' dir='ltr'><strong>ru-</strong></span> 
     </span>
     <span class='ocr_line' id='line_1_22' title="bbox 453 2655 2239 2718; baseline -0.002 -15"><span class='ocrx_word' id='word_1_176' title='bbox 453 2658 575 2704; x_wconf 91' lang='lat' dir='ltr'><strong>diori</strong></span> <span class='ocrx_word' id='word_1_177' title='bbox 609 2659 736 2718; x_wconf 89' lang='lat' dir='ltr'><strong>stylo</strong></span> <span class='ocrx_word' id='word_1_178' title='bbox 763 2672 908 2718; x_wconf 90' lang='lat' dir='ltr'><strong>quam</strong></span> <span class='ocrx_word' id='word_1_179' title='bbox 934 2663 1072 2705; x_wconf 88' lang='lat' dir='ltr'><strong>tanta</strong></span> <span class='ocrx_word' id='word_1_180' title='bbox 1093 2672 1168 2704; x_wconf 92' lang='lat' dir='ltr'><strong>res</strong></span> <span class='ocrx_word' id='word_1_181' title='bbox 1192 2662 1427 2717; x_wconf 87' lang='lat' dir='ltr'><strong>exposcat,</strong></span> <span class='ocrx_word' id='word_1_182' title='bbox 1448 2656 1648 2703; x_wconf 90' lang='lat' dir='ltr'><strong>fideliter</strong></span> <span class='ocrx_word' id='word_1_183' title='bbox 1670 2662 1831 2703; x_wconf 89' lang='lat' dir='ltr'><strong>tamen</strong></span> <span class='ocrx_word' id='word_1_184' title='bbox 1860 2669 2081 2716; x_wconf 88' lang='lat' dir='ltr'><strong>exequar,</strong></span> <span class='ocrx_word' id='word_1_185' title='bbox 2111 2655 2239 2715; x_wconf 91' lang='lat' dir='ltr'><strong>quod</strong></span> 
     </span>
     <span class='ocr_line' id='line_1_23' title="bbox 456 2753 2238 2817; baseline -0.003 -14"><span class='ocrx_word' id='word_1_186' title='bbox 456 2758 546 2803; x_wconf 91' lang='lat' dir='ltr'><strong>viri</strong></span> <span class='ocrx_word' id='word_1_187' title='bbox 580 2755 788 2803; x_wconf 89' lang='lat' dir='ltr'><strong>actiones</strong></span> <span class='ocrx_word' id='word_1_188' title='bbox 818 2756 967 2802; x_wconf 87' lang='lat' dir='ltr'><strong>ferme</strong></span> <span class='ocrx_word' id='word_1_189' title='bbox 1001 2771 1179 2810; x_wconf 89' lang='lat' dir='ltr'><strong>omnes,</strong></span> <span class='ocrx_word' id='word_1_190' title='bbox 1210 2762 1259 2802; x_wconf 93' lang='lat' dir='ltr'><strong>et</strong></span> <span class='ocrx_word' id='word_1_191' title='bbox 1291 2755 1497 2802; x_wconf 86' lang='lat' dir='ltr'><strong>urbanas</strong></span> <span class='ocrx_word' id='word_1_192' title='bbox 1531 2761 1580 2802; x_wconf 89' lang='lat' dir='ltr'><strong>et</strong></span> <span class='ocrx_word' id='word_1_193' title='bbox 1601 2755 1859 2817; x_wconf 87' lang='lat' dir='ltr'><strong>religiosas,</strong></span> <span class='ocrx_word' id='word_1_194' title='bbox 1882 2753 2074 2800; x_wconf 46' lang='lat' dir='ltr'><strong>nostris*</strong></span> <span class='ocrx_word' id='word_1_195' title='bbox 2092 2753 2238 2799; x_wconf 88' lang='lat' dir='ltr'><strong>oculis</strong></span> 
     </span>
     <span class='ocr_line' id='line_1_24' title="bbox 459 2851 2241 2916; baseline -0.002 -15"><span class='ocrx_word' id='word_1_196' title='bbox 459 2871 617 2902; x_wconf 90' lang='lat' dir='ltr'><strong>coram</strong></span> <span class='ocrx_word' id='word_1_197' title='bbox 640 2856 818 2916; x_wconf 90' lang='lat' dir='ltr'><strong>positas</strong></span> <span class='ocrx_word' id='word_1_198' title='bbox 841 2854 1111 2900; x_wconf 87' lang='lat' dir='ltr'><strong>habuimus.</strong></span> <span class='ocrx_word' id='word_1_199' title='bbox 1167 2853 1390 2900; x_wconf 90' lang='lat' dir='ltr'><strong>Vidimus</strong></span> <span class='ocrx_word' id='word_1_200' title='bbox 1415 2854 1672 2909; x_wconf 90' lang='lat' dir='ltr'><strong>hominem,</strong></span> <span class='ocrx_word' id='word_1_201' title='bbox 1695 2869 1838 2914; x_wconf 91' lang='lat' dir='ltr'><strong>quem</strong></span> <span class='ocrx_word' id='word_1_202' title='bbox 1859 2853 2048 2906; x_wconf 89' lang='lat' dir='ltr'><strong>vidisse,</strong></span> <span class='ocrx_word' id='word_1_203' title='bbox 2078 2851 2241 2913; x_wconf 88' lang='lat' dir='ltr'><strong>singu-</strong></span> 
     </span>
     <span class='ocr_line' id='line_1_25' title="bbox 456 2949 2240 3014; baseline -0.003 -13"><span class='ocrx_word' id='word_1_204' title='bbox 456 2957 604 3001; x_wconf 87' lang='lat' dir='ltr'><strong>larem</strong></span> <span class='ocrx_word' id='word_1_205' title='bbox 627 2954 687 3001; x_wconf 96' lang='lat' dir='ltr'><strong>ob</strong></span> <span class='ocrx_word' id='word_1_206' title='bbox 709 2954 1050 3014; x_wconf 81' lang='lat' dir='ltr'><strong>praestantiam,</strong></span> <span class='ocrx_word' id='word_1_207' title='bbox 1081 2958 1129 2998; x_wconf 91' lang='lat' dir='ltr'><strong>et</strong></span> <span class='ocrx_word' id='word_1_208' title='bbox 1158 2952 1294 2998; x_wconf 91' lang='lat' dir='ltr'><strong>nobis</strong></span> <span class='ocrx_word' id='word_1_209' title='bbox 1316 2953 1593 3014; x_wconf 87' lang='lat' dir='ltr'><strong>gaudemus,</strong></span> <span class='ocrx_word' id='word_1_210' title='bbox 1627 2958 1676 2998; x_wconf 93' lang='lat' dir='ltr'><strong>et</strong></span> <span class='ocrx_word' id='word_1_211' title='bbox 1697 2951 1801 2998; x_wconf 91' lang='lat' dir='ltr'><strong>Deo</strong></span> <span class='ocrx_word' id='word_1_212' title='bbox 1823 2951 2003 3011; x_wconf 90' lang='lat' dir='ltr'><strong>optimo</strong></span> <span class='ocrx_word' id='word_1_213' title='bbox 2030 2949 2240 2995; x_wconf 85' lang='lat' dir='ltr'><strong>maximo</strong></span> 
     </span>
    </p>
   </div>
   <div class='ocr_carea' id='block_1_5' title="bbox 457 3048 2240 3116">
    <p class='ocr_par' dir='ltr' id='par_1_5' title="bbox 457 3048 2240 3116">
     <span class='ocr_line' id='line_1_26' title="bbox 457 3048 2240 3116; baseline -0.004 -16"><span class='ocrx_word' id='word_1_214' title='bbox 457 3068 554 3099; x_wconf 92' lang='lat' dir='ltr'><strong>non</strong></span> <span class='ocrx_word' id='word_1_215' title='bbox 568 3055 789 3116; x_wconf 88' lang='lat' dir='ltr'><strong>vulgares</strong></span> <span class='ocrx_word' id='word_1_216' title='bbox 805 3052 1034 3099; x_wconf 87' lang='lat' dir='ltr'><strong>habemus</strong></span> <span class='ocrx_word' id='word_1_217' title='bbox 1052 3051 1349 3113; x_wconf 87' lang='lat' dir='ltr'><strong>agimusque,</strong></span> <span class='ocrx_word' id='word_1_218' title='bbox 1373 3056 1421 3096; x_wconf 89' lang='lat' dir='ltr'><strong>et</strong></span> <span class='ocrx_word' id='word_1_219' title='bbox 1438 3049 1714 3097; x_wconf 86' lang='lat' dir='ltr'><strong>habebimus</strong></span> <span class='ocrx_word' id='word_1_220' title='bbox 1732 3054 1874 3110; x_wconf 89' lang='lat' dir='ltr'><strong>atque</strong></span> <span class='ocrx_word' id='word_1_221' title='bbox 1891 3062 2102 3111; x_wconf 79' lang='lat' dir='ltr'><strong>agemuS,</strong></span> <span class='ocrx_word' id='word_1_222' title='bbox 2125 3048 2240 3093; x_wconf 90' lang='lat' dir='ltr'><strong>dum</strong></span> 
     </span>
    </p>
   </div>
  </div>
 </body>
</html>
