2944 3906
681 527 737 564 48
1299 522 1792 567 ABERDONENSIU
1800 522 1849 566 M

680 683 862 715 summe
885 670 1208 715 necessariam.
1280 670 1401 718 Haec
1423 674 1625 733 paucula
1647 673 1706 718 de
1729 672 1940 719 amicitia
1976 670 2154 731 placuit
2189 668 2377 723 referre,
2412 676 2468 716 ut

678 781 782 812 eam
816 767 998 814 cunctis
1032 768 1325 823 mortalibuS,
1362 770 1443 815 sed
1477 769 1769 830 principibus
1804 770 2025 823 maxime,
2066 770 2308 829 complura
2342 782 2467 814 com-

677 866 817 912 moda
839 866 1020 921 afferre,
1051 881 1290 929 regnaque
1317 868 1538 913 maximis
1562 867 1873 914 incommodis
1896 868 2067 921 levare,
2098 867 2463 913 ostenderemus.

677 965 768 1011 Sed
791 966 851 1011 ad
873 966 1092 1011 institum
1111 966 1371 1011 veniamus.
1417 965 1449 1011 J
1451 965 1623 1012 acobus
1643 965 1852 1020 Tertius,
1875 966 2075 1012 illustris
2095 964 2343 1011 Scotorum
2367 979 2466 1018 rex,

674 1063 809 1125 cujus
840 1078 925 1109 nos
948 1065 1422 1124 quantulumcunque
1456 1071 1682 1119 oratores,
1719 1071 1767 1111 te
1802 1079 1961 1126 regem
1986 1063 2464 1116 christianissimum,

673 1163 887 1208 omnium
911 1163 1184 1208 mortalium
1207 1163 1584 1209 illustrissimum
1608 1164 1887 1224 principem,
1915 1163 2044 1209 omni
2064 1177 2160 1222 qua
2181 1163 2314 1208 decet
2335 1176 2466 1208 reve-

672 1261 827 1307 rentia
849 1262 1029 1306 salvere
1046 1261 1185 1323 jubet
1204 1275 1218 1315 ;
1243 1263 1315 1307 tui
1338 1262 1715 1331 amantissimus,
1733 1260 1822 1308 tibi
1846 1275 1896 1307 se
1920 1267 2076 1307 totum
2092 1259 2274 1320 praebet
2293 1273 2307 1314 ;
2332 1266 2463 1306 tuam

673 1359 998 1405 celsitudinem
1022 1359 1254 1412 observat,
1286 1364 1573 1413 veneratum
1605 1358 1727 1404 nihil
1752 1359 1906 1419 magis
1941 1358 2088 1417 cupit,
2118 1356 2239 1403 nihil
2270 1356 2359 1402 sibi
2388 1358 2467 1418 ju-

673 1457 886 1509 cundiuS‚
910 1456 1228 1502 delectabilius
1246 1456 1382 1510 nihil,
1400 1470 1546 1517 quam
1565 1457 1623 1502 de
1642 1461 1728 1502 tua
1743 1455 2132 1516 Francorumque
2150 1455 2286 1516 regni
2303 1455 2467 1501 audire

670 1556 834 1601 salute.
910 1553 969 1599 In
993 1554 1081 1600 hoc
1103 1569 1235 1614 spem
1257 1569 1463 1609 omnem,
1486 1556 1538 1600 in
1561 1554 1650 1600 hoc
1670 1569 1806 1600 suam
1829 1556 2033 1601 salutem
2055 1554 2256 1613 reponit.
2306 1552 2464 1612 Ipsius

671 1653 1016 1713 praeclarissimi
1040 1653 1365 1714 progenitores
1391 1652 1640 1699 Scotorum
1664 1667 1814 1715 reges,
1838 1651 2133 1698 Francorum
2164 1658 2355 1713 gentem
2391 1667 2464 1698 so·

670 1741 791 1797 ciam
815 1758 863 1797 et
886 1751 1086 1796 amicam
1110 1750 1297 1803 habere,
1321 1750 1451 1795 haud
1472 1765 1644 1810 parum
1668 1751 1729 1796 ad
1750 1764 1888 1796 suam
1911 1750 2115 1811 gloriam
2140 1756 2283 1809 atque
2306 1751 2464 1809 splen-

670 1851 832 1896 dorem
855 1849 1056 1894 attinere
1078 1849 1186 1901 rati‚
1221 1861 1329 1892 cum
1354 1846 1539 1900 Carolo,
1563 1846 1860 1893 Francorum
1893 1861 2020 1908 rege,
2051 1847 2464 1907 illustrissimoque

672 1947 998 2009 Romanorum
1020 1947 1318 2006 imperatore,
1345 1945 1436 1999 cui,
1465 1944 1525 1991 ob
1553 1959 1628 1990 res
1657 1945 1846 2007 egregie
1875 1950 2050 2007 gestaS,
2075 1944 2256 2007 Magno
2276 1960 2462 2012 ‘nomen

672 2051 743 2091 est
774 2045 997 2098 inditum,
1031 2044 1382 2090 sanctissimum
1413 2042 1582 2098 foedus,
1610 2044 1749 2090 certis
1776 2043 1976 2105 legibus,
2007 2043 2157 2089 nihilo
2187 2045 2347 2090 minus
2376 2059 2463 2104 pro

674 2143 967 2189 Francorum
1000 2157 1145 2203 quam
1180 2141 1430 2188 Scotorum
1454 2142 1714 2196 commod0‚
1738 2156 2022 2202 percussere.
2092 2142 2279 2189 Mansit
2313 2144 2462 2189 ictum

670 2242 824 2288 foedus
847 2241 937 2288 sub
960 2241 1208 2287 Scotorum
1232 2239 1424 2302 regibus
1447 2241 1499 2298 in
1523 2239 1622 2286 haec
1650 2255 1801 2301 usque
1823 2241 1995 2295 secula,
2026 2255 2055 2286 a
2078 2216 2248 2287 Carolo
2280 2241 2461 2304 Magno

670 2342 719 2385 in
739 2346 877 2386 tuum
895 2354 1045 2400 usque
1062 2339 1333 2399 imperium,
1351 2339 1542 2385 firmum
1559 2345 1703 2400 atque
1720 2340 2034 2386 inviolatum:
2056 2338 2225 2393 foedus,
2247 2340 2460 2400 inquam,

670 2453 767 2483 non
799 2438 942 2484 modo
975 2437 1329 2497 diplomatibuS,
1352 2437 1508 2491 bullis,
1539 2437 1731 2492 chartis,
1766 2443 1815 2484 et
1848 2437 2016 2500 sigillis
2053 2434 2127 2495 (ut
2159 2438 2343 2498 dicunt)
2378 2438 2459 2484 sed

671 2536 920 2595 utriusque
941 2537 1120 2595 populi,
1151 2550 1239 2595 pro
1261 2536 1456 2582 alterius
1491 2537 1658 2590 salute,
1687 2535 1864 2582 bellicis
1887 2534 2172 2581 tumultibus
2195 2537 2456 2582 multorum

673 2633 905 2695 sanguine
928 2633 1077 2679 effuso
1099 2633 1355 2680 firmatum.
1405 2633 1535 2687 Quot
1557 2647 1617 2679 ex
1638 2633 1804 2680 bellica
1826 2632 2122 2680 Francorum
2151 2640 2307 2695 gente,
2331 2648 2455 2688 cum,

674 2729 924 2778 Scotorum
943 2746 1117 2785 amore,
1131 2730 1388 2786 Anvicum,
1403 2730 1676 2793 Anglorum
1689 2746 1861 2786 arcem,
1878 2732 1967 2778 loci
1981 2738 2157 2778 natura
2172 2731 2359 2787 fortem,
2374 2732 2458 2779 ho-

671 2830 859 2876 minum
882 2830 1075 2892 ingenio
1097 2829 1342 2876 fortiorem
1365 2829 1554 2884 factam,
1577 2835 1898 2892 expugnatam
1922 2844 2098 2890 cepere,
2121 2836 2309 2890 captam
2331 2830 2454 2875 mira

674 2942 921 2974 servavere
955 2933 1072 2982 arte,
1094 2926 1366 2990 Anglorum
1398 2928 1578 2989 periere
1606 2927 1791 2975 insidiis
1809 2927 1832 2972 Ρ
1883 2927 2143 2975 Periissent
2164 2941 2328 2974 omnes
2350 2941 2458 2987 pro-

673 3025 907 3081 culdubio,
930 3026 972 3073 si
993 3041 1091 3072 non
1115 3025 1406 3089 Douglasius
1430 3041 1584 3073 comes
1608 3026 1748 3073 citius
1770 3024 2062 3073 occurrisset.
2086 3024 2299 3079 Contra,
2320 3030 2454 3085 quot,

672 3136 844 3183 quaeso,
851 3121 1100 3172 Scotorum
1114 3124 1294 3173 nobiles
1308 3124 1486 3172 recenti
1499 3123 1644 3179 clade,
1657 3138 1718 3171 ne
1731 3129 1894 3171 vetera
1906 3136 2254 3178 connumerem,
2268 3120 2454 3169 adVer-
