2944 3906
1000 524 1456 568 EPISCOPORUM
1484 525 1661 568 VITAE.
2170 531 2226 570 53

435 672 670 734 probasse,
695 672 919 719 Haeccine
943 668 1138 734 (inquit)
1162 678 1234 719 est
1264 672 1495 720 Italorum
1532 673 1830 719 sacerdotum
1863 674 2183 721 misericordia
2200 674 2223 720 ἶ)

433 772 574 833 longe
596 771 733 816 aliter
754 770 875 816 mihi
897 772 1095 818 suadere
1118 786 1427 818 consueveras
1447 786 1459 818 ε
1496 772 1817 831 adversusque
1838 772 1983 833 legati
2005 773 2226 819 immani-

435 875 582 916 tatem
605 869 880 924 detestatus,
910 870 1041 916 haud
1071 871 1322 917 immemor
1343 875 1580 931 quantum
1611 870 1860 916 clementia
1889 884 2024 931 reges
2048 871 2224 925 deceat,

433 966 558 1020 Fiat,
573 967 807 1027 inquiens,
825 968 1161 1023 misericordia,
1176 974 1361 1015 sontem
1370 969 1566 1014 crimine
1581 968 1798 1022 absolvit,
1813 969 1957 1014 simul
1972 969 2222 1015 ostendens

430 1070 480 1110 et
509 1065 746 1126 principes
780 1071 998 1126 oportere
1032 1081 1132 1112 esse
1167 1067 1434 1120 clementes,
1468 1071 1516 1112 et
1538 1066 1742 1126 impium
1764 1067 1830 1112 eis
1853 1067 2223 1113 misericordiam

429 1163 715 1210 dissuadere.
753 1162 1037 1226 Augebatur
1059 1166 1210 1211 indies
1234 1165 1510 1211 continuata
1531 1164 1659 1226 regis
1677 1179 1792 1226 erga
1808 1164 2121 1211 Wilhelmum
2145 1166 2223 1212 be-

431 1263 714 1317 nevolentia,
751 1264 867 1310 adeo
900 1270 971 1318 ut,
1005 1265 1190 1324 quoties
1224 1266 1276 1310 in
1309 1279 1457 1326 regno
1494 1277 1724 1326 magnum
1764 1264 1945 1324 aliquid
1985 1264 2223 1326 agendum

430 1366 546 1415 erat,
582 1377 707 1408 unus
738 1362 1003 1425 eligebatur
1024 1352 1108 1423 qui
1131 1368 1389 1423 praeesset:
1416 1368 1562 1409 vtanta
1592 1367 1694 1409 erat
1726 1362 1779 1408 in
1809 1362 2001 1408 homine
2032 1377 2221 1409 morum

429 1459 656 1515 decentia,
679 1466 816 1507 tanta
838 1462 1094 1508 dexteritas
1118 1461 1313 1523 ingenii.

493 1556 529 1602 J
529 1563 635 1604 acta
678 1564 815 1604 erant
858 1565 965 1605 tum
1010 1559 1265 1604 seminaria
1303 1558 1458 1605 futuri
1497 1558 1622 1611 belli,
1660 1558 1912 1617 periculosi
1946 1560 2219 1614 admodum,

428 1656 554 1701 inter
591 1656 876 1704 Eduardum
915 1656 1189 1720 Anglorum
1227 1672 1390 1719 regem
1431 1662 1478 1703 et
1514 1655 1546 1701 J
1548 1656 1749 1702 acobum
1787 1656 2024 1721 Tertium.
2094 1657 2223 1704 Huic

428 1755 615 1800 vulneri
650 1756 898 1815 apparenti
928 1762 1029 1802 tam
1064 1770 1193 1802 saevo
1227 1755 1452 1817 objicitur
1474 1754 1797 1809 Wilhelmus3
1836 1755 1920 1814 qui
1954 1755 2127 1801 missus
2158 1757 2222 1802 le-

427 1859 568 1913 gatus
593 1854 653 1899 ad
676 1853 975 1909 Eduardum,
999 1855 1225 1900 mandata
1247 1854 1380 1915 regia
1411 1854 1478 1899 sic
1511 1854 1731 1912 exposuit
1761 1854 1973 1899 oratione
2003 1853 2142 1916 gravi
2173 1860 2221 1900 et

426 1953 646 2014 eleganti,
686 1958 743 1998 ut
787 1953 992 1999 duorum
1036 1953 1307 2013 principum
1343 1953 1492 1998 animi
1535 1952 1625 1997 hac
1663 1967 1761 1997 una
1792 1953 2041 2014 legatione,
2078 1968 2220 2013 opera

427 2049 690 2104 Wilhelmi,
714 2051 783 2097 ita
813 2052 865 2097 in
898 2067 1045 2098 unam
1075 2052 1362 2098 sententiam
1397 2051 1608 2104 coierint,
1640 2056 1696 2096 ut
1726 2051 1852 2096 inter
1879 2066 1957 2097 eos
1991 2058 2220 2111 perpetua

426 2163 522 2208 pax
547 2145 639 2206 (uti
670 2149 939 2211 videbatur)
968 2149 1138 2196 fuisset
1166 2149 1369 2204 firmata,
1402 2150 1496 2195 nisi
1525 2149 1751 2196 intestino
1780 2149 1902 2196 bello
1927 2150 2053 2196 inter
2075 2149 2222 2196 Alex-

424 2246 628 2293 andrum
651 2246 873 2294 Albaniae
896 2248 1063 2294 ducem
1097 2254 1144 2294 et
1178 2262 1340 2309 regem
1373 2262 1429 2293 eo
1462 2247 1690 2306 temporis
1721 2246 1931 2300 suborto,
1954 2247 2219 2309 fugientem

423 2343 754 2392 Alexandrum
777 2345 1035 2392 Eduardus
1058 2346 1358 2407 hospitaliter
1379 2346 1645 2406 recepisset,
1670 2345 1969 2407 juvissetque
1993 2346 2139 2405 copiis
2170 2353 2218 2394 et

422 2442 650 2503 impensis
682 2450 847 2490 contra
876 2444 1092 2491 fratrem.
1160 2444 1485 2498 Quamobrem
1518 2444 1648 2489 haud
1681 2444 1834 2490 multo
1869 2449 1977 2503 post
2006 2449 2216 2504 tempore

422 2541 548 2587 inter
591 2545 789 2602 populos
835 2544 1069 2590 indictum
1114 2549 1187 2590 est
1233 2542 1422 2589 bellum.
1493 2542 1771 2588 Formidare
1808 2548 2022 2602 coeperat
2055 2548 2216 2589 noster

421 2639 640 2699 princeps
662 2655 759 2686 non
781 2647 880 2687 tam
906 2641 1180 2704 Anglorum
1204 2642 1306 2687 vim
1341 2627 1485 2702 quam
1519 2655 1729 2695 suorum,
1754 2641 1882 2700 quod
1916 2640 2048 2686 ducis
2070 2639 2217 2687 Alex-

421 2737 560 2782 andri
599 2738 814 2797 partibus
854 2740 1120 2799 primorum
1155 2740 1372 2786 nonnulli
1408 2740 1515 2799 plus
1556 2753 1690 2799 aequo
1719 2737 1879 2784 favere
1913 2738 2212 2784 videbantur.

420 2834 538 2880 Post
561 2836 695 2881 varia
716 2851 877 2882 rerum
899 2838 1186 2890 discrimina,
1221 2838 1283 2882 ad
1314 2851 1546 2896 apparens
1577 2837 1842 2896 periculum
1873 2836 2210 2896 effugiendum,

419 2938 475 2978 ut
497 2933 610 2979 huic
631 2933 752 2979 bello
774 2934 882 2980 finis
906 2935 1242 2994 imponeretur,
1260 2932 1549 2979 Wilhelmus
1572 2934 1788 2979 omnium
1812 2947 2042 2979 consensu
2059 2933 2211 2994 objec-

418 3034 562 3077 tatur.¹
631 3031 846 3078 Functus
870 3037 942 3078 est
964 3047 1077 3094 ergo
1100 3032 1305 3078 secunda
1326 3031 1563 3093 legatione
1597 3031 1659 3076 ad
1680 3029 1963 3077 Eduardum
1986 3045 2073 3091 pro
2095 3045 2209 3091 pace

418 3140 688 3188 regnorum,
723 3145 810 3189 pro
844 3131 976 3176 ducis
1003 3128 1267 3176 Alexandri
1300 3129 1708 3188 reconciliatione:
1742 3129 1804 3175 ad
1825 3143 1969 3189 quem
2002 3129 2206 3175 secundo
