2944 3906
1006 510 1467 555 EPISCOPORUM
1496 511 1674 554 VITAE.
2183 511 2239 550 65

451 661 648 714 casulas,
671 660 855 706 tunicas
884 664 1086 714 vocant;
1123 674 1182 705 ex
1213 660 1382 706 villosa
1414 659 1571 720 bysso,
1605 664 1711 706 octo
1744 673 1889 718 supra
1910 659 2097 720 viginti.
2149 659 2242 706 His

453 758 671 805 omnibus
699 757 916 803 laterales
939 757 1088 812 fibrae,
1121 759 1277 805 aureis
1307 757 1605 812 staminibus,
1632 757 1805 818 quibus
1828 757 2047 802 divorum
2070 757 2244 820 effigies

455 859 652 903 intextae
674 854 766 901 filis
789 855 1011 916 byssiniS,
1042 858 1281 911 coccineis,
1315 857 1582 917 purpureiS‚
1615 855 1953 917 hyacinthinis,
1984 870 2100 901 auro
2123 870 2248 901 com-

453 955 630 1000 mixtis.
683 953 874 1014 Septem
908 970 967 1000 ex
1001 955 1143 1016 bysso
1176 957 1414 1016 palmata3
1450 956 1526 1002 his
1560 956 1776 1001 laterales
1808 953 2010 1000 fimbriae
2041 954 2246 1014 byssinis

454 1052 752 1107 staminibus,
776 1053 924 1099 stellis
956 1054 1112 1100 aureis
1145 1054 1362 1115 consitis..
1402 1053 1483 1099 Ex
1508 1053 1648 1113 bysso
1674 1054 1884 1113 palmata
1915 1058 2058 1113 atque
2093 1053 2248 1098 undu-

454 1153 552 1197 lata
574 1151 762 1213 viginti,
786 1152 847 1197 ad
868 1166 1126 1211 puerorum
1148 1167 1288 1198 usum
1313 1152 1365 1197 in
1391 1152 1535 1198 sacris
1560 1151 1996 1211 supplicationibus,
2018 1157 2074 1197 ut
2095 1153 2251 1211 splen—

457 1251 661 1297 didiores
693 1250 753 1296 ad
783 1249 876 1296 Dei
903 1252 1094 1297 laudem
1117 1251 1215 1298 sint
1237 1251 1552 1297 deductiones.
1588 1250 1774 1296 Praeter
1795 1249 1913 1303 haec,
1936 1250 1997 1295 ad
2018 1250 2254 1310 quotidia-

457 1364 575 1395 num
608 1359 771 1403 usum,
806 1351 1072 1409 complures
1107 1355 1261 1396 vestes
1302 1364 1444 1395 sacrae
1478 1364 1537 1394 ex
1571 1363 1705 1395 cocco
1739 1348 1974 1408 byssoque
2007 1349 2251 1395 undulata.

461 1448 595 1494 Crux
629 1447 824 1502 Christi,
865 1463 973 1494 cum
1015 1448 1226 1494 crucifixi
1266 1448 1533 1501 simulacro,
1578 1446 1858 1503 candelabra
1901 1447 2011 1500 duo,
2056 1448 2254 1493 totidem

458 1546 717 1602 thuribula,
752 1546 926 1607 quibus
961 1546 1073 1592 thus
1106 1547 1337 1600 adoletur,
1372 1561 1548 1599 acerra,
1582 1560 1665 1591 sex
1694 1545 1899 1606 phyalae,
1936 1547 2100 1592 calices
2134 1553 2254 1601 octo,

460 1646 768 1699 textuarium,
809 1658 925 1690 vasa
957 1645 1054 1690 duo
1090 1641 1418 1709 (eucharistias
1453 1644 1606 1690 nostri
1641 1645 1830 1706 vocant)
1865 1645 2054 1705 quibus,
2091 1647 2257 1692 adora-

460 1746 604 1792 tionis
633 1760 776 1791 causa
810 1760 839 1791 a
861 1746 1052 1805 populo,
1077 1745 1259 1791 Christi
1293 1759 1463 1805 corpus
1494 1745 1874 1805 deportandum3
1911 1746 2115 1791 alterum
2137 1746 2256 1792 duos

460 1844 644 1891 cubitos
668 1846 833 1898 altum,
856 1843 1120 1890 incredibili
1144 1842 1410 1890 confectum
1433 1849 1549 1890 arte.
1621 1843 1795 1897 Pelvis,
1828 1845 2083 1891 cantharus
2107 1845 2169 1891 ad
2190 1847 2257 1891 la-

463 1957 674 1996 vacrum,
698 1957 782 1988 vas
807 1943 868 1988 ad
885 1942 1180 1989 benedictam
1200 1957 1372 2003 aquam
1394 1942 1836 1989 circumvehendam
1854 1958 1962 1989 cum
1980 1944 2256 2004 aspersorio,

465 2042 627 2087 omnia
647 2056 707 2087 ex
729 2055 846 2087 auro
869 2045 1163 2103 argentoque
1191 2039 1464 2087 fabrefacta.
1512 2039 1743 2087 Sindones
1766 2043 2010 2087 nonnullae
2035 2041 2257 2102 byssinae,

463 2140 618 2186 aureis
640 2139 731 2186 filis
754 2141 886 2186 varie
909 2145 1159 2194 contextae,
1190 2140 1434 2186 nonnullae
1466 2139 1776 2186 subtilissimo
1799 2155 1858 2186 ex
1881 2141 2223 2188 candentilino
2244 2155 2255 2187 :

465 2239 638 2299 quibus
661 2239 834 2285 intexti
856 2237 994 2284 flores
1018 2239 1152 2284 vario
1174 2239 1328 2284 colore
1351 2252 1410 2284 ex
1431 2238 1587 2298 bysso.
1658 2236 1750 2283 His
1781 2252 2023 2284 sacrorum
2046 2245 2257 2301 tempore

465 2344 746 2385 sternuntur
769 2338 956 2384 altaria.
991 2335 1124 2383 Arca
1145 2352 1205 2384 ex
1222 2351 1456 2397 cupresso,
1473 2337 1745 2398 margaritis
1768 2342 1817 2383 et
1838 2338 2038 2399 gemmis
2062 2340 2256 2394 consita,

468 2437 591 2482 mira
605 2437 887 2483 concinnata
899 2441 1015 2490 arte,
1028 2451 1124 2497 qua
1130 2436 1423 2483 venerabiles
1439 2442 1711 2483 sanctorum
1725 2438 1947 2498 reliquiae,
1956 2453 2072 2485 auro
2089 2454 2257 2502 argen-

467 2542 611 2594 toque
642 2536 845 2589 insertae,
869 2535 1188 2581 venerationis
1211 2549 1353 2581 causa.
1375 2541 1728 2582 conservantur.
1798 2535 1959 2583 Habet
1981 2539 2256 2598 campanile,

469 2633 702 2678 immensa
731 2634 984 2680 altitudine
1014 2633 1272 2688 sublatum,
1296 2634 1372 2680 cui
1403 2625 1617 2693 lapideus
1648 2649 1785 2680 arcus
1817 2636 1970 2682 instar
1999 2619 2256 2696 imperialis

470 2731 765 2785 diadematis,
799 2731 922 2777 mira
944 2737 1046 2778 arte
1068 2731 1372 2786 fabrefactus,
1395 2732 1667 2792 plumbeam
1691 2748 1837 2794 supra
1864 2739 2095 2780 tecturam
2124 2735 2258 2781 adhi-

471 2828 623 2883 betur,
658 2829 883 2875 tredecim
920 2841 1188 2889 campanas,
1227 2831 1479 2876 melodiam
1518 2837 1566 2877 et
1595 2832 1725 2891 piam
1756 2832 2055 2879 audientibus
2093 2834 2259 2894 volup-

472 2933 621 2974 tatem
656 2933 890 2974 sonantes.
962 2927 1078 2974 Haec
1108 2928 1269 2974 omnia
1302 2927 1550 2974 Wilhelmi
1575 2929 1785 2976 donaria.
1854 2930 1923 2977 Et
1953 2937 2009 2977 ut
2041 2932 2259 2994 religioni

474 3027 619 3074 simul
641 3033 784 3089 atque
807 3028 1035 3076 doctrinae
1062 3043 1117 3075 eo
1139 3029 1191 3075 in
1214 3029 1411 3091 collegio
1434 3043 1578 3088 opera
1608 3030 1925 3090 impendatur,
1959 3032 2170 3080 instituti
2201 3034 2262 3079 ad

476 3125 640 3172 divina
656 3128 868 3187 quotidie
888 3128 1162 3189 exequenda
1184 3128 1445 3174 sacerdotes
1464 3132 1582 3182 oct0,
1600 3134 1662 3182 et,
1679 3144 1797 3191 quos
1815 3130 1873 3177 de
1890 3133 2094 3178 secunda
2111 3131 2264 3179 forma

1357 3227 1377 3262 1
