<?xml version="1.0" encoding="UTF-8"?>
<!DOCTYPE html PUBLIC "-//W3C//DTD XHTML 1.0 Transitional//EN"
    "http://www.w3.org/TR/xhtml1/DTD/xhtml1-transitional.dtd">
<html xmlns="http://www.w3.org/1999/xhtml" xml:lang="en" lang="en">
 <head>
  <title>
</title>
<meta http-equiv="Content-Type" content="text/html;charset=utf-8" />
  <meta name='ocr-system' content='tesseract 3.04.00' />
  <meta name='ocr-capabilities' content='ocr_page ocr_carea ocr_par ocr_line ocrx_word'/>
</head>
<body>
  <div class='ocr_page' id='page_1' title='image "./hectorisboetiimu00boecuoft_0097.png"; bbox 0 0 2944 3906; ppageno 0'>
   <div class='ocr_carea' id='block_1_1' title="bbox 1098 525 2324 571">
    <p class='ocr_par' dir='ltr' id='par_1_1' title="bbox 1098 525 2324 571">
     <span class='ocr_line' id='line_1_1' title="bbox 1098 525 2324 571; baseline 0.002 -3"><span class='ocrx_word' id='word_1_1' title='bbox 1098 525 1554 571; x_wconf 86' lang='lat' dir='ltr'>EPISCOPORUM</span> <span class='ocrx_word' id='word_1_2' title='bbox 1582 526 1759 571; x_wconf 87' lang='lat' dir='ltr'><strong>VITAE.</strong></span> <span class='ocrx_word' id='word_1_3' title='bbox 2269 532 2324 570; x_wconf 87' lang='lat'><strong>83</strong></span> 
     </span>
    </p>
   </div>
   <div class='ocr_carea' id='block_1_2' title="bbox 509 673 2331 3110">
    <p class='ocr_par' dir='ltr' id='par_1_2' title="bbox 509 673 2331 3110">
     <span class='ocr_line' id='line_1_2' title="bbox 530 673 2322 738; baseline -0.001 -15"><span class='ocrx_word' id='word_1_4' title='bbox 530 677 737 723; x_wconf 82' lang='lat' dir='ltr'><strong>attinent</strong></span> <span class='ocrx_word' id='word_1_5' title='bbox 766 673 1066 721; x_wconf 91' lang='lat' dir='ltr'><strong>commodum</strong></span> <span class='ocrx_word' id='word_1_6' title='bbox 1101 680 1150 721; x_wconf 91' lang='lat' dir='ltr'><strong>et</strong></span> <span class='ocrx_word' id='word_1_7' title='bbox 1183 674 1413 729; x_wconf 88' lang='lat' dir='ltr'><strong>decorem,</strong></span> <span class='ocrx_word' id='word_1_8' title='bbox 1447 677 1649 736; x_wconf 89' lang='lat' dir='ltr'><strong>paucula</strong></span> <span class='ocrx_word' id='word_1_9' title='bbox 1682 676 2038 738; x_wconf 87' lang='lat' dir='ltr'><strong>subjungentes,</strong></span> <span class='ocrx_word' id='word_1_10' title='bbox 2072 691 2322 737; x_wconf 87' lang='lat' dir='ltr'><strong>proseque-</strong></span> 
     </span>
     <span class='ocr_line' id='line_1_3' title="bbox 528 771 2321 834; baseline -0.001 -12"><span class='ocrx_word' id='word_1_11' title='bbox 528 789 651 822; x_wconf 89' lang='lat' dir='ltr'><strong>mur.</strong></span> <span class='ocrx_word' id='word_1_12' title='bbox 686 772 807 827; x_wconf 86' lang='lat' dir='ltr'><strong>Quis</strong></span> <span class='ocrx_word' id='word_1_13' title='bbox 829 771 1119 820; x_wconf 91' lang='lat' dir='ltr'><strong>Wilhelmus</strong></span> <span class='ocrx_word' id='word_1_14' title='bbox 1141 773 1289 821; x_wconf 90' lang='lat' dir='ltr'><strong>fuerit</strong></span> <span class='ocrx_word' id='word_1_15' title='bbox 1313 780 1427 821; x_wconf 89' lang='lat' dir='ltr'><strong>tuus</strong></span> <span class='ocrx_word' id='word_1_16' title='bbox 1449 780 1730 829; x_wconf 81' lang='lat' dir='ltr'><strong>antecessor,</strong></span> <span class='ocrx_word' id='word_1_17' title='bbox 1754 775 1880 821; x_wconf 91' lang='lat' dir='ltr'><strong>inter</strong></span> <span class='ocrx_word' id='word_1_18' title='bbox 1897 790 2038 834; x_wconf 89' lang='lat' dir='ltr'><strong>quem</strong></span> <span class='ocrx_word' id='word_1_19' title='bbox 2062 782 2109 821; x_wconf 87' lang='lat' dir='ltr'><strong>et</strong></span> <span class='ocrx_word' id='word_1_20' title='bbox 2133 783 2178 821; x_wconf 90' lang='lat' dir='ltr'><strong>te</strong></span> <span class='ocrx_word' id='word_1_21' title='bbox 2204 777 2321 821; x_wconf 80' lang='lat' dir='ltr'><strong>divi·</strong></span> 
     </span>
     <span class='ocr_line' id='line_1_4' title="bbox 509 870 2321 935; baseline 0.001 -16"><span class='ocrx_word' id='word_1_22' title='bbox 509 888 591 919; x_wconf 82' lang='lat' dir='ltr'><strong>no</strong></span> <span class='ocrx_word' id='word_1_23' title='bbox 622 876 747 918; x_wconf 89' lang='lat' dir='ltr'><strong>nutu</strong></span> <span class='ocrx_word' id='word_1_24' title='bbox 771 870 845 929; x_wconf 90' lang='lat' dir='ltr'><strong>(ut</strong></span> <span class='ocrx_word' id='word_1_25' title='bbox 879 886 1073 932; x_wconf 89' lang='lat' dir='ltr'><strong>aequum</strong></span> <span class='ocrx_word' id='word_1_26' title='bbox 1099 878 1171 919; x_wconf 91' lang='lat' dir='ltr'><strong>est</strong></span> <span class='ocrx_word' id='word_1_27' title='bbox 1193 873 1402 935; x_wconf 87' lang='lat' dir='ltr'><strong>credere)</strong></span> <span class='ocrx_word' id='word_1_28' title='bbox 1427 874 1614 928; x_wconf 87' lang='lat' dir='ltr'><strong>tertius,</strong></span> <span class='ocrx_word' id='word_1_29' title='bbox 1637 889 1697 919; x_wconf 89' lang='lat' dir='ltr'><strong>ne</strong></span> <span class='ocrx_word' id='word_1_30' title='bbox 1721 877 1942 920; x_wconf 85' lang='lat' dir='ltr'><strong>vestrum</strong></span> <span class='ocrx_word' id='word_1_31' title='bbox 1968 875 2204 933; x_wconf 85' lang='lat' dir='ltr'><strong>quispiam</strong></span> <span class='ocrx_word' id='word_1_32' title='bbox 2236 890 2321 920; x_wconf 84' lang='lat' dir='ltr'><strong>suo</strong></span> 
     </span>
     <span class='ocr_line' id='line_1_5' title="bbox 526 970 2325 1033; baseline 0.002 -18"><span class='ocrx_word' id='word_1_33' title='bbox 526 975 707 1016; x_wconf 80' lang='lat' dir='ltr'><strong>careret</strong></span> <span class='ocrx_word' id='word_1_34' title='bbox 739 970 1004 1030; x_wconf 90' lang='lat' dir='ltr'><strong>splendore,</strong></span> <span class='ocrx_word' id='word_1_35' title='bbox 1039 971 1318 1033; x_wconf 86' lang='lat' dir='ltr'><strong>interjectus</strong></span> <span class='ocrx_word' id='word_1_36' title='bbox 1342 977 1430 1026; x_wconf 83' lang='lat' dir='ltr'><strong>est,</strong></span> <span class='ocrx_word' id='word_1_37' title='bbox 1465 973 1634 1033; x_wconf 87' lang='lat' dir='ltr'><strong>quanti</strong></span> <span class='ocrx_word' id='word_1_38' title='bbox 1669 973 1796 1033; x_wconf 89' lang='lat' dir='ltr'><strong>apud</strong></span> <span class='ocrx_word' id='word_1_39' title='bbox 1820 987 1929 1018; x_wconf 85' lang='lat' dir='ltr'><strong>eum</strong></span> <span class='ocrx_word' id='word_1_40' title='bbox 1958 973 2229 1032; x_wconf 74' lang='lat' dir='ltr'><strong>reipublicae</strong></span> <span class='ocrx_word' id='word_1_41' title='bbox 2253 988 2325 1019; x_wconf 88' lang='lat' dir='ltr'><strong>sa-</strong></span> 
     </span>
     <span class='ocr_line' id='line_1_6' title="bbox 526 1068 2323 1133; baseline 0.002 -18"><span class='ocrx_word' id='word_1_42' title='bbox 526 1070 616 1123; x_wconf 91' lang='lat' dir='ltr'><strong>lus,</strong></span> <span class='ocrx_word' id='word_1_43' title='bbox 653 1069 823 1129; x_wconf 87' lang='lat' dir='ltr'><strong>quanti</strong></span> <span class='ocrx_word' id='word_1_44' title='bbox 856 1068 1049 1115; x_wconf 87' lang='lat' dir='ltr'><strong>divinus</strong></span> <span class='ocrx_word' id='word_1_45' title='bbox 1072 1070 1244 1124; x_wconf 86' lang='lat' dir='ltr'><strong>cultus,</strong></span> <span class='ocrx_word' id='word_1_46' title='bbox 1279 1070 1456 1130; x_wconf 90' lang='lat' dir='ltr'><strong>optime</strong></span> <span class='ocrx_word' id='word_1_47' title='bbox 1492 1071 1632 1116; x_wconf 86' lang='lat' dir='ltr'><strong>nosti.</strong></span> <span class='ocrx_word' id='word_1_48' title='bbox 1701 1070 1751 1116; x_wconf 91' lang='lat' dir='ltr'><strong>Is</strong></span> <span class='ocrx_word' id='word_1_49' title='bbox 1787 1071 1913 1117; x_wconf 84' lang='lat' dir='ltr'><strong>inter</strong></span> <span class='ocrx_word' id='word_1_50' title='bbox 1946 1072 2044 1117; x_wconf 88' lang='lat' dir='ltr'><strong>otia</strong></span> <span class='ocrx_word' id='word_1_51' title='bbox 2079 1073 2323 1133; x_wconf 90' lang='lat' dir='ltr'><strong>negotium</strong></span> 
     </span>
     <span class='ocr_line' id='line_1_7' title="bbox 527 1167 2326 1229; baseline 0 -14"><span class='ocrx_word' id='word_1_52' title='bbox 527 1182 765 1229; x_wconf 81' lang='lat' dir='ltr'><strong>quaerens,</strong></span> <span class='ocrx_word' id='word_1_53' title='bbox 787 1173 844 1214; x_wconf 90' lang='lat' dir='ltr'><strong>ut</strong></span> <span class='ocrx_word' id='word_1_54' title='bbox 867 1182 955 1214; x_wconf 87' lang='lat' dir='ltr'><strong>sua</strong></span> <span class='ocrx_word' id='word_1_55' title='bbox 977 1168 1189 1214; x_wconf 82' lang='lat' dir='ltr'><strong>dioecesis</strong></span> <span class='ocrx_word' id='word_1_56' title='bbox 1212 1167 1365 1214; x_wconf 90' lang='lat' dir='ltr'><strong>literis</strong></span> <span class='ocrx_word' id='word_1_57' title='bbox 1400 1168 1614 1228; x_wconf 90' lang='lat' dir='ltr'><strong>polleret,</strong></span> <span class='ocrx_word' id='word_1_58' title='bbox 1648 1169 1914 1228; x_wconf 84' lang='lat' dir='ltr'><strong>splenderet</strong></span> <span class='ocrx_word' id='word_1_59' title='bbox 1938 1169 2215 1223; x_wconf 89' lang='lat' dir='ltr'><strong>virtutibus,</strong></span> <span class='ocrx_word' id='word_1_60' title='bbox 2238 1170 2326 1215; x_wconf 88' lang='lat' dir='ltr'><strong>hoc</strong></span> 
     </span>
     <span class='ocr_line' id='line_1_8' title="bbox 526 1266 2324 1329; baseline -0.002 -15"><span class='ocrx_word' id='word_1_61' title='bbox 526 1266 867 1314; x_wconf 86' lang='lat' dir='ltr'><strong>Aberdonense</strong></span> <span class='ocrx_word' id='word_1_62' title='bbox 900 1268 1119 1329; x_wconf 85' lang='lat' dir='ltr'><strong>generale</strong></span> <span class='ocrx_word' id='word_1_63' title='bbox 1151 1281 1388 1313; x_wconf 89' lang='lat' dir='ltr'><strong>musaeum</strong></span> <span class='ocrx_word' id='word_1_64' title='bbox 1421 1266 1586 1313; x_wconf 88' lang='lat' dir='ltr'><strong>multis</strong></span> <span class='ocrx_word' id='word_1_65' title='bbox 1621 1267 1848 1327; x_wconf 89' lang='lat' dir='ltr'><strong>impensis</strong></span> <span class='ocrx_word' id='word_1_66' title='bbox 1883 1267 2108 1320; x_wconf 85' lang='lat' dir='ltr'><strong>instituit,</strong></span> <span class='ocrx_word' id='word_1_67' title='bbox 2143 1267 2324 1327; x_wconf 88' lang='lat' dir='ltr'><strong>hocque</strong></span> 
     </span>
     <span class='ocr_line' id='line_1_9' title="bbox 528 1365 2325 1427; baseline -0.002 -14"><span class='ocrx_word' id='word_1_68' title='bbox 528 1365 795 1413; x_wconf 87' lang='lat' dir='ltr'><strong>venerabile</strong></span> <span class='ocrx_word' id='word_1_69' title='bbox 825 1366 1037 1412; x_wconf 84' lang='lat' dir='ltr'><strong>condidit</strong></span> <span class='ocrx_word' id='word_1_70' title='bbox 1071 1365 1338 1427; x_wconf 88' lang='lat' dir='ltr'><strong>collegium,</strong></span> <span class='ocrx_word' id='word_1_71' title='bbox 1373 1366 1515 1426; x_wconf 90' lang='lat' dir='ltr'><strong>quod,</strong></span> <span class='ocrx_word' id='word_1_72' title='bbox 1544 1381 1571 1411; x_wconf 93' lang='lat' dir='ltr'><strong>e</strong></span> <span class='ocrx_word' id='word_1_73' title='bbox 1598 1366 1754 1411; x_wconf 90' lang='lat' dir='ltr'><strong>medio</strong></span> <span class='ocrx_word' id='word_1_74' title='bbox 1785 1366 1889 1411; x_wconf 87' lang='lat' dir='ltr'><strong>dira</strong></span> <span class='ocrx_word' id='word_1_75' title='bbox 1920 1370 2074 1411; x_wconf 89' lang='lat' dir='ltr'><strong>morte</strong></span> <span class='ocrx_word' id='word_1_76' title='bbox 2111 1365 2325 1411; x_wconf 88' lang='lat' dir='ltr'><strong>sublatus</strong></span> 
     </span>
     <span class='ocr_line' id='line_1_10' title="bbox 530 1463 2327 1528; baseline -0.002 -14"><span class='ocrx_word' id='word_1_77' title='bbox 530 1463 659 1528; x_wconf 84' lang='lat' dir='ltr'><strong>(quae</strong></span> <span class='ocrx_word' id='word_1_78' title='bbox 681 1472 786 1513; x_wconf 87' lang='lat' dir='ltr'><strong>tum</strong></span> <span class='ocrx_word' id='word_1_79' title='bbox 810 1465 1017 1511; x_wconf 85' lang='lat' dir='ltr'><strong>maxime</strong></span> <span class='ocrx_word' id='word_1_80' title='bbox 1039 1465 1262 1511; x_wconf 88' lang='lat' dir='ltr'><strong>mortales</strong></span> <span class='ocrx_word' id='word_1_81' title='bbox 1282 1465 1525 1525; x_wconf 90' lang='lat' dir='ltr'><strong>opprimit,</strong></span> <span class='ocrx_word' id='word_1_82' title='bbox 1543 1479 1693 1525; x_wconf 89' lang='lat' dir='ltr'><strong>quum</strong></span> <span class='ocrx_word' id='word_1_83' title='bbox 1718 1464 1864 1510; x_wconf 89' lang='lat' dir='ltr'><strong>nullae</strong></span> <span class='ocrx_word' id='word_1_84' title='bbox 1886 1463 1947 1510; x_wconf 91' lang='lat' dir='ltr'><strong>ab</strong></span> <span class='ocrx_word' id='word_1_85' title='bbox 1965 1479 2020 1509; x_wconf 89' lang='lat' dir='ltr'><strong>ea</strong></span> <span class='ocrx_word' id='word_1_86' title='bbox 2043 1470 2327 1510; x_wconf 85' lang='lat' dir='ltr'><strong>metuuntur</strong></span> 
     </span>
     <span class='ocr_line' id='line_1_11' title="bbox 527 1560 2327 1626; baseline -0.002 -14"><span class='ocrx_word' id='word_1_87' title='bbox 527 1565 729 1626; x_wconf 86' lang='lat' dir='ltr'><strong>insidiae)</strong></span> <span class='ocrx_word' id='word_1_88' title='bbox 754 1560 967 1610; x_wconf 89' lang='lat' dir='ltr'><strong>nondum</strong></span> <span class='ocrx_word' id='word_1_89' title='bbox 989 1562 1268 1623; x_wconf 86' lang='lat' dir='ltr'><strong>perfectum,</strong></span> <span class='ocrx_word' id='word_1_90' title='bbox 1291 1562 1485 1623; x_wconf 88' lang='lat' dir='ltr'><strong>reliquit</strong></span> <span class='ocrx_word' id='word_1_91' title='bbox 1506 1562 1596 1609; x_wconf 92' lang='lat' dir='ltr'><strong>tibi</strong></span> <span class='ocrx_word' id='word_1_92' title='bbox 1618 1562 1966 1622; x_wconf 90' lang='lat' dir='ltr'><strong>complendum,</strong></span> <span class='ocrx_word' id='word_1_93' title='bbox 1995 1576 2138 1622; x_wconf 91' lang='lat' dir='ltr'><strong>quem</strong></span> <span class='ocrx_word' id='word_1_94' title='bbox 2175 1577 2327 1608; x_wconf 91' lang='lat' dir='ltr'><strong>unum</strong></span> 
     </span>
     <span class='ocr_line' id='line_1_12' title="bbox 527 1661 2328 1722; baseline -0.002 -12"><span class='ocrx_word' id='word_1_95' title='bbox 527 1664 655 1710; x_wconf 88' lang='lat' dir='ltr'><strong>inter</strong></span> <span class='ocrx_word' id='word_1_96' title='bbox 676 1668 750 1709; x_wconf 90' lang='lat' dir='ltr'><strong>tot</strong></span> <span class='ocrx_word' id='word_1_97' title='bbox 772 1661 1023 1708; x_wconf 91' lang='lat' dir='ltr'><strong>hominum</strong></span> <span class='ocrx_word' id='word_1_98' title='bbox 1057 1661 1208 1707; x_wconf 90' lang='lat' dir='ltr'><strong>millia</strong></span> <span class='ocrx_word' id='word_1_99' title='bbox 1241 1675 1427 1721; x_wconf 84' lang='lat' dir='ltr'><strong>semper</strong></span> <span class='ocrx_word' id='word_1_100' title='bbox 1449 1661 1635 1721; x_wconf 90' lang='lat' dir='ltr'><strong>optavit</strong></span> <span class='ocrx_word' id='word_1_101' title='bbox 1665 1676 1996 1707; x_wconf 87' lang='lat' dir='ltr'><strong>successorem.</strong></span> <span class='ocrx_word' id='word_1_102' title='bbox 2066 1661 2217 1722; x_wconf 88' lang='lat' dir='ltr'><strong>Deyae</strong></span> <span class='ocrx_word' id='word_1_103' title='bbox 2241 1662 2328 1707; x_wconf 92' lang='lat' dir='ltr'><strong>flu-</strong></span> 
     </span>
     <span class='ocr_line' id='line_1_13' title="bbox 527 1759 2328 1821; baseline -0.001 -13"><span class='ocrx_word' id='word_1_104' title='bbox 527 1762 671 1808; x_wconf 88' lang='lat' dir='ltr'><strong>minis</strong></span> <span class='ocrx_word' id='word_1_105' title='bbox 694 1766 922 1821; x_wconf 86' lang='lat' dir='ltr'><strong>praeterea</strong></span> <span class='ocrx_word' id='word_1_106' title='bbox 952 1765 1162 1820; x_wconf 90' lang='lat' dir='ltr'><strong>pontem,</strong></span> <span class='ocrx_word' id='word_1_107' title='bbox 1194 1774 1313 1819; x_wconf 91' lang='lat' dir='ltr'><strong>opus</strong></span> <span class='ocrx_word' id='word_1_108' title='bbox 1348 1760 1437 1805; x_wconf 89' lang='lat' dir='ltr'><strong>etsi</strong></span> <span class='ocrx_word' id='word_1_109' title='bbox 1460 1759 1767 1813; x_wconf 88' lang='lat' dir='ltr'><strong>laboriosum,</strong></span> <span class='ocrx_word' id='word_1_110' title='bbox 1800 1760 1861 1805; x_wconf 89' lang='lat' dir='ltr'><strong>ad</strong></span> <span class='ocrx_word' id='word_1_111' title='bbox 1893 1759 2136 1820; x_wconf 90' lang='lat' dir='ltr'><strong>publicum</strong></span> <span class='ocrx_word' id='word_1_112' title='bbox 2167 1767 2328 1806; x_wconf 83' lang='lat' dir='ltr'><strong>tamen</strong></span> 
     </span>
     <span class='ocr_line' id='line_1_14' title="bbox 528 1856 2329 1920; baseline -0.002 -12"><span class='ocrx_word' id='word_1_113' title='bbox 528 1856 828 1908; x_wconf 89' lang='lat' dir='ltr'><strong>commodum</strong></span> <span class='ocrx_word' id='word_1_114' title='bbox 866 1859 1283 1920; x_wconf 86' lang='lat' dir='ltr'><strong>pernecessarium,</strong></span> <span class='ocrx_word' id='word_1_115' title='bbox 1322 1859 1522 1905; x_wconf 89' lang='lat' dir='ltr'><strong>condere</strong></span> <span class='ocrx_word' id='word_1_116' title='bbox 1560 1859 1763 1919; x_wconf 83' lang='lat' dir='ltr'><strong>incepit,</strong></span> <span class='ocrx_word' id='word_1_117' title='bbox 1797 1858 2082 1918; x_wconf 88' lang='lat' dir='ltr'><strong>comparatis</strong></span> <span class='ocrx_word' id='word_1_118' title='bbox 2120 1873 2233 1919; x_wconf 85' lang='lat' dir='ltr'><strong>quae</strong></span> <span class='ocrx_word' id='word_1_119' title='bbox 2268 1860 2329 1904; x_wconf 89' lang='lat' dir='ltr'><strong>ad</strong></span> 
     </span>
     <span class='ocr_line' id='line_1_15' title="bbox 528 1956 2330 2023; baseline -0.003 -16"><span class='ocrx_word' id='word_1_120' title='bbox 528 1974 754 2023; x_wconf 87' lang='lat' dir='ltr'><strong>magnam</strong></span> <span class='ocrx_word' id='word_1_121' title='bbox 777 1959 933 2019; x_wconf 88' lang='lat' dir='ltr'><strong>operis</strong></span> <span class='ocrx_word' id='word_1_122' title='bbox 951 1963 1136 2019; x_wconf 86' lang='lat' dir='ltr'><strong>partem</strong></span> <span class='ocrx_word' id='word_1_123' title='bbox 1159 1958 1582 2004; x_wconf 89' lang='lat' dir='ltr'><strong>consummandam</strong></span> <span class='ocrx_word' id='word_1_124' title='bbox 1605 1956 1816 2003; x_wconf 89' lang='lat' dir='ltr'><strong>sufficere</strong></span> <span class='ocrx_word' id='word_1_125' title='bbox 1840 1956 2137 2003; x_wconf 88' lang='lat' dir='ltr'><strong>videbantur.</strong></span> <span class='ocrx_word' id='word_1_126' title='bbox 2202 1956 2330 2003; x_wconf 93' lang='lat' dir='ltr'><strong>Mul-</strong></span> 
     </span>
     <span class='ocr_line' id='line_1_16' title="bbox 532 2054 2329 2116; baseline -0.002 -11"><span class='ocrx_word' id='word_1_127' title='bbox 532 2066 581 2105; x_wconf 88' lang='lat' dir='ltr'><strong>ta</strong></span> <span class='ocrx_word' id='word_1_128' title='bbox 603 2072 856 2105; x_wconf 92' lang='lat' dir='ltr'><strong>aureorum</strong></span> <span class='ocrx_word' id='word_1_129' title='bbox 876 2057 1028 2103; x_wconf 90' lang='lat' dir='ltr'><strong>millia</strong></span> <span class='ocrx_word' id='word_1_130' title='bbox 1049 2057 1110 2102; x_wconf 92' lang='lat' dir='ltr'><strong>ad</strong></span> <span class='ocrx_word' id='word_1_131' title='bbox 1128 2056 1283 2116; x_wconf 89' lang='lat' dir='ltr'><strong>operis</strong></span> <span class='ocrx_word' id='word_1_132' title='bbox 1302 2056 1763 2102; x_wconf 85' lang='lat' dir='ltr'><strong>consummationem</strong></span> <span class='ocrx_word' id='word_1_133' title='bbox 1779 2054 2027 2101; x_wconf 89' lang='lat' dir='ltr'><strong>Wilhelmi</strong></span> <span class='ocrx_word' id='word_1_134' title='bbox 2045 2061 2329 2102; x_wconf 89' lang='lat' dir='ltr'><strong>testamento</strong></span> 
     </span>
     <span class='ocr_line' id='line_1_17' title="bbox 531 2154 2330 2221; baseline -0.002 -17"><span class='ocrx_word' id='word_1_135' title='bbox 531 2160 702 2221; x_wconf 83' lang='lat' dir='ltr'><strong>legata,</strong></span> <span class='ocrx_word' id='word_1_136' title='bbox 725 2172 835 2218; x_wconf 89' lang='lat' dir='ltr'><strong>quae</strong></span> <span class='ocrx_word' id='word_1_137' title='bbox 858 2156 1030 2218; x_wconf 88' lang='lat' dir='ltr'><strong>maj0ri</strong></span> <span class='ocrx_word' id='word_1_138' title='bbox 1053 2170 1113 2201; x_wconf 87' lang='lat' dir='ltr'><strong>ex</strong></span> <span class='ocrx_word' id='word_1_139' title='bbox 1136 2161 1272 2215; x_wconf 88' lang='lat' dir='ltr'><strong>parte</strong></span> <span class='ocrx_word' id='word_1_140' title='bbox 1294 2154 1467 2209; x_wconf 90' lang='lat' dir='ltr'><strong>ablata,</strong></span> <span class='ocrx_word' id='word_1_141' title='bbox 1491 2155 1761 2215; x_wconf 85' lang='lat' dir='ltr'><strong>compilata,</strong></span> <span class='ocrx_word' id='word_1_142' title='bbox 1783 2155 1984 2214; x_wconf 86' lang='lat' dir='ltr'><strong>direpta,</strong></span> <span class='ocrx_word' id='word_1_143' title='bbox 2008 2169 2256 2215; x_wconf 87' lang='lat' dir='ltr'><strong>nunquam</strong></span> <span class='ocrx_word' id='word_1_144' title='bbox 2279 2156 2330 2201; x_wconf 91' lang='lat' dir='ltr'><strong>in</strong></span> 
     </span>
     <span class='ocr_line' id='line_1_18' title="bbox 531 2253 2330 2315; baseline -0.003 -12"><span class='ocrx_word' id='word_1_145' title='bbox 531 2255 780 2303; x_wconf 87' lang='lat' dir='ltr'><strong>Wilhelmi</strong></span> <span class='ocrx_word' id='word_1_146' title='bbox 797 2255 1058 2302; x_wconf 87' lang='lat' dir='ltr'><strong>destinatos</strong></span> <span class='ocrx_word' id='word_1_147' title='bbox 1075 2268 1207 2308; x_wconf 89' lang='lat' dir='ltr'><strong>usus,</strong></span> <span class='ocrx_word' id='word_1_148' title='bbox 1231 2253 1324 2300; x_wconf 87' lang='lat' dir='ltr'><strong>nisi</strong></span> <span class='ocrx_word' id='word_1_149' title='bbox 1342 2253 1555 2314; x_wconf 90' lang='lat' dir='ltr'><strong>impense</strong></span> <span class='ocrx_word' id='word_1_150' title='bbox 1571 2253 1758 2315; x_wconf 88' lang='lat' dir='ltr'><strong>juveris</strong></span> <span class='ocrx_word' id='word_1_151' title='bbox 1777 2267 1831 2298; x_wconf 89' lang='lat' dir='ltr'><strong>ac</strong></span> <span class='ocrx_word' id='word_1_152' title='bbox 1847 2253 2064 2314; x_wconf 89' lang='lat' dir='ltr'><strong>jusseris,</strong></span> <span class='ocrx_word' id='word_1_153' title='bbox 2091 2253 2330 2299; x_wconf 90' lang='lat' dir='ltr'><strong>conferen-</strong></span> 
     </span>
     <span class='ocr_line' id='line_1_19' title="bbox 533 2350 2329 2414; baseline -0.002 -12"><span class='ocrx_word' id='word_1_154' title='bbox 533 2357 607 2402; x_wconf 88' lang='lat' dir='ltr'><strong>da.</strong></span> <span class='ocrx_word' id='word_1_155' title='bbox 632 2356 841 2402; x_wconf 87' lang='lat' dir='ltr'><strong>Oramus</strong></span> <span class='ocrx_word' id='word_1_156' title='bbox 856 2350 1045 2408; x_wconf 87' lang='lat' dir='ltr'><strong>idcirco,</strong></span> <span class='ocrx_word' id='word_1_157' title='bbox 1064 2354 1242 2413; x_wconf 91' lang='lat' dir='ltr'><strong>optime</strong></span> <span class='ocrx_word' id='word_1_158' title='bbox 1259 2354 1437 2413; x_wconf 86' lang='lat' dir='ltr'><strong>praesul</strong></span> <span class='ocrx_word' id='word_1_159' title='bbox 1454 2350 1720 2411; x_wconf 86' lang='lat' dir='ltr'><strong>(exoremus</strong></span> <span class='ocrx_word' id='word_1_160' title='bbox 1735 2352 1855 2414; x_wconf 88' lang='lat' dir='ltr'><strong>sine)</strong></span> <span class='ocrx_word' id='word_1_161' title='bbox 1874 2357 1960 2398; x_wconf 85' lang='lat' dir='ltr'><strong>tua</strong></span> <span class='ocrx_word' id='word_1_162' title='bbox 1976 2366 2066 2412; x_wconf 91' lang='lat' dir='ltr'><strong>pro</strong></span> <span class='ocrx_word' id='word_1_163' title='bbox 2081 2353 2329 2414; x_wconf 86' lang='lat' dir='ltr'><strong>dignitate,</strong></span> 
     </span>
     <span class='ocr_line' id='line_1_20' title="bbox 533 2440 2331 2514; baseline -0.003 -13"><span class='ocrx_word' id='word_1_164' title='bbox 533 2461 698 2502; x_wconf 87' lang='lat' dir='ltr'><strong>nostra</strong></span> <span class='ocrx_word' id='word_1_165' title='bbox 719 2469 807 2514; x_wconf 90' lang='lat' dir='ltr'><strong>pro</strong></span> <span class='ocrx_word' id='word_1_166' title='bbox 830 2454 982 2499; x_wconf 89' lang='lat' dir='ltr'><strong>salute</strong></span> <span class='ocrx_word' id='word_1_167' title='bbox 998 2450 1268 2513; x_wconf 86' lang='lat' dir='ltr'><strong>(utriusque</strong></span> <span class='ocrx_word' id='word_1_168' title='bbox 1285 2452 1518 2498; x_wconf 88' lang='lat' dir='ltr'><strong>rationem</strong></span> <span class='ocrx_word' id='word_1_169' title='bbox 1533 2451 1693 2505; x_wconf 87' lang='lat' dir='ltr'><strong>habes,</strong></span> <span class='ocrx_word' id='word_1_170' title='bbox 1709 2451 1903 2513; x_wconf 89' lang='lat' dir='ltr'><strong>scimus)</strong></span> <span class='ocrx_word' id='word_1_171' title='bbox 1922 2440 2098 2497; x_wconf 89' lang='lat' dir='ltr'><strong>nostris</strong></span> <span class='ocrx_word' id='word_1_172' title='bbox 2119 2449 2234 2508; x_wconf 87' lang='lat' dir='ltr'><strong>(tuis</strong></span> <span class='ocrx_word' id='word_1_173' title='bbox 2249 2467 2331 2511; x_wconf 91' lang='lat' dir='ltr'><strong>po-</strong></span> 
     </span>
     <span class='ocr_line' id='line_1_21' title="bbox 533 2549 2331 2615; baseline -0.004 -14"><span class='ocrx_word' id='word_1_174' title='bbox 533 2555 650 2615; x_wconf 90' lang='lat' dir='ltr'><strong>tius)</strong></span> <span class='ocrx_word' id='word_1_175' title='bbox 674 2554 815 2600; x_wconf 91' lang='lat' dir='ltr'><strong>rebus</strong></span> <span class='ocrx_word' id='word_1_176' title='bbox 838 2554 1028 2600; x_wconf 90' lang='lat' dir='ltr'><strong>consule</strong></span> <span class='ocrx_word' id='word_1_177' title='bbox 1047 2565 1059 2597; x_wconf 88' lang='lat'><strong>:</strong></span> <span class='ocrx_word' id='word_1_178' title='bbox 1093 2551 1170 2598; x_wconf 89' lang='lat' dir='ltr'><strong>fac</strong></span> <span class='ocrx_word' id='word_1_179' title='bbox 1193 2557 1279 2598; x_wconf 89' lang='lat' dir='ltr'><strong>tua</strong></span> <span class='ocrx_word' id='word_1_180' title='bbox 1300 2565 1444 2611; x_wconf 90' lang='lat' dir='ltr'><strong>opera</strong></span> <span class='ocrx_word' id='word_1_181' title='bbox 1465 2556 1514 2596; x_wconf 89' lang='lat' dir='ltr'><strong>et</strong></span> <span class='ocrx_word' id='word_1_182' title='bbox 1545 2551 1827 2597; x_wconf 86' lang='lat' dir='ltr'><strong>auctoritate</strong></span> <span class='ocrx_word' id='word_1_183' title='bbox 1854 2549 1990 2595; x_wconf 90' lang='lat' dir='ltr'><strong>nobis</strong></span> <span class='ocrx_word' id='word_1_184' title='bbox 2016 2549 2174 2595; x_wconf 87' lang='lat' dir='ltr'><strong>ablata</strong></span> <span class='ocrx_word' id='word_1_185' title='bbox 2195 2551 2331 2595; x_wconf 89' lang='lat' dir='ltr'><strong>resti-</strong></span> 
     </span>
     <span class='ocr_line' id='line_1_22' title="bbox 535 2649 2329 2712; baseline -0.003 -13"><span class='ocrx_word' id='word_1_186' title='bbox 535 2658 749 2706; x_wconf 87' lang='lat' dir='ltr'><strong>tuantur,</strong></span> <span class='ocrx_word' id='word_1_187' title='bbox 784 2667 889 2712; x_wconf 87' lang='lat' dir='ltr'><strong>quae</strong></span> <span class='ocrx_word' id='word_1_188' title='bbox 922 2651 1157 2712; x_wconf 89' lang='lat' dir='ltr'><strong>supremis</strong></span> <span class='ocrx_word' id='word_1_189' title='bbox 1190 2649 1347 2696; x_wconf 88' lang='lat' dir='ltr'><strong>verbis</strong></span> <span class='ocrx_word' id='word_1_190' title='bbox 1387 2650 1561 2696; x_wconf 92' lang='lat' dir='ltr'><strong>horum</strong></span> <span class='ocrx_word' id='word_1_191' title='bbox 1594 2649 1810 2695; x_wconf 88' lang='lat' dir='ltr'><strong>conditor</strong></span> <span class='ocrx_word' id='word_1_192' title='bbox 1849 2649 1948 2695; x_wconf 90' lang='lat' dir='ltr'><strong>suis</strong></span> <span class='ocrx_word' id='word_1_193' title='bbox 1988 2650 2248 2703; x_wconf 88' lang='lat' dir='ltr'><strong>mandavit,</strong></span> <span class='ocrx_word' id='word_1_194' title='bbox 2283 2656 2329 2695; x_wconf 92' lang='lat' dir='ltr'><strong>te</strong></span> 
     </span>
     <span class='ocr_line' id='line_1_23' title="bbox 535 2727 2328 2810; baseline -0.003 -12"><span class='ocrx_word' id='word_1_195' title='bbox 535 2759 726 2799; x_wconf 84' lang='lat' dir='ltr'><strong>auctore</strong></span> <span class='ocrx_word' id='word_1_196' title='bbox 749 2754 1169 2797; x_wconf 84' lang='lat' dir='ltr'><strong>consummentur:</strong></span> <span class='ocrx_word' id='word_1_197' title='bbox 1204 2727 1549 2810; x_wconf 57' lang='lat' dir='ltr'><strong>conseduamur</strong></span> <span class='ocrx_word' id='word_1_198' title='bbox 1582 2749 1753 2810; x_wconf 86' lang='lat' dir='ltr'><strong>legata,</strong></span> <span class='ocrx_word' id='word_1_199' title='bbox 1781 2753 1838 2794; x_wconf 90' lang='lat' dir='ltr'><strong>ut</strong></span> <span class='ocrx_word' id='word_1_200' title='bbox 1870 2748 2063 2808; x_wconf 87' lang='lat' dir='ltr'><strong>perinde</strong></span> <span class='ocrx_word' id='word_1_201' title='bbox 2097 2753 2239 2807; x_wconf 88' lang='lat' dir='ltr'><strong>atque</strong></span> <span class='ocrx_word' id='word_1_202' title='bbox 2273 2748 2328 2792; x_wconf 92' lang='lat' dir='ltr'><strong>il-</strong></span> 
     </span>
     <span class='ocr_line' id='line_1_24' title="bbox 538 2844 2329 2908; baseline -0.003 -12"><span class='ocrx_word' id='word_1_203' title='bbox 538 2852 638 2898; x_wconf 90' lang='lat' dir='ltr'><strong>lum</strong></span> <span class='ocrx_word' id='word_1_204' title='bbox 670 2865 771 2904; x_wconf 89' lang='lat' dir='ltr'><strong>sua,</strong></span> <span class='ocrx_word' id='word_1_205' title='bbox 799 2855 847 2895; x_wconf 91' lang='lat' dir='ltr'><strong>te</strong></span> <span class='ocrx_word' id='word_1_206' title='bbox 881 2855 967 2895; x_wconf 90' lang='lat' dir='ltr'><strong>tua</strong></span> <span class='ocrx_word' id='word_1_207' title='bbox 999 2848 1228 2908; x_wconf 89' lang='lat' dir='ltr'><strong>praeclara</strong></span> <span class='ocrx_word' id='word_1_208' title='bbox 1261 2852 1397 2908; x_wconf 89' lang='lat' dir='ltr'><strong>gesta</strong></span> <span class='ocrx_word' id='word_1_209' title='bbox 1429 2847 1703 2906; x_wconf 80' lang='lat' dir='ltr'><strong>praedicent,</strong></span> <span class='ocrx_word' id='word_1_210' title='bbox 1737 2846 2035 2906; x_wconf 89' lang='lat' dir='ltr'><strong>secundoque</strong></span> <span class='ocrx_word' id='word_1_211' title='bbox 2069 2844 2329 2891; x_wconf 87' lang='lat' dir='ltr'><strong>habeamus</strong></span> 
     </span>
     <span class='ocr_line' id='line_1_25' title="bbox 537 2944 2328 3010; baseline -0.004 -14"><span class='ocrx_word' id='word_1_212' title='bbox 537 2965 624 3010; x_wconf 89' lang='lat' dir='ltr'><strong>pro</strong></span> <span class='ocrx_word' id='word_1_213' title='bbox 647 2950 902 2995; x_wconf 90' lang='lat' dir='ltr'><strong>conditore.</strong></span> <span class='ocrx_word' id='word_1_214' title='bbox 974 2945 1095 2993; x_wconf 90' lang='lat' dir='ltr'><strong>Haec</strong></span> <span class='ocrx_word' id='word_1_215' title='bbox 1128 2944 1211 2991; x_wconf 92' lang='lat' dir='ltr'><strong>ubi</strong></span> <span class='ocrx_word' id='word_1_216' title='bbox 1245 2950 1482 3005; x_wconf 89' lang='lat' dir='ltr'><strong>perorata,</strong></span> <span class='ocrx_word' id='word_1_217' title='bbox 1516 2946 1757 3005; x_wconf 84' lang='lat' dir='ltr'><strong>extemplo</strong></span> <span class='ocrx_word' id='word_1_218' title='bbox 1790 2944 2035 3004; x_wconf 88' lang='lat' dir='ltr'><strong>respondit</strong></span> <span class='ocrx_word' id='word_1_219' title='bbox 2068 2944 2328 3004; x_wconf 87' lang='lat' dir='ltr'><strong>episcopus,</strong></span> 
     </span>
     <span class='ocr_line' id='line_1_26' title="bbox 539 3043 2331 3110; baseline -0.003 -16"><span class='ocrx_word' id='word_1_220' title='bbox 539 3053 728 3110; x_wconf 85' lang='lat' dir='ltr'><strong>gratam</strong></span> <span class='ocrx_word' id='word_1_221' title='bbox 750 3046 841 3093; x_wconf 90' lang='lat' dir='ltr'><strong>sibi</strong></span> <span class='ocrx_word' id='word_1_222' title='bbox 863 3044 1216 3092; x_wconf 90' lang='lat' dir='ltr'><strong>Aberdonensis</strong></span> <span class='ocrx_word' id='word_1_223' title='bbox 1252 3043 1484 3105; x_wconf 89' lang='lat' dir='ltr'><strong>generalis</strong></span> <span class='ocrx_word' id='word_1_224' title='bbox 1519 3043 1692 3089; x_wconf 87' lang='lat' dir='ltr'><strong>scholae</strong></span> <span class='ocrx_word' id='word_1_225' title='bbox 1727 3043 2074 3097; x_wconf 87' lang='lat' dir='ltr'><strong>salutationem,</strong></span> <span class='ocrx_word' id='word_1_226' title='bbox 2102 3049 2331 3089; x_wconf 89' lang='lat' dir='ltr'><strong>rectorem</strong></span> 
     </span>
    </p>
   </div>
   <div class='ocr_carea' id='block_1_3' title="bbox 542 3141 2336 3207">
    <p class='ocr_par' dir='ltr' id='par_1_3' title="bbox 542 3141 2336 3207">
     <span class='ocr_line' id='line_1_27' title="bbox 542 3141 2336 3207; baseline -0.003 -15"><span class='ocrx_word' id='word_1_227' title='bbox 542 3147 763 3207; x_wconf 83' lang='lat' dir='ltr'><strong>virosque</strong></span> <span class='ocrx_word' id='word_1_228' title='bbox 786 3148 838 3193; x_wconf 90' lang='lat' dir='ltr'><strong>in</strong></span> <span class='ocrx_word' id='word_1_229' title='bbox 861 3160 917 3193; x_wconf 88' lang='lat' dir='ltr'><strong>ea</strong></span> <span class='ocrx_word' id='word_1_230' title='bbox 938 3144 1088 3192; x_wconf 87' lang='lat' dir='ltr'><strong>literis</strong></span> <span class='ocrx_word' id='word_1_231' title='bbox 1111 3142 1294 3190; x_wconf 88' lang='lat' dir='ltr'><strong>deditos</strong></span> <span class='ocrx_word' id='word_1_232' title='bbox 1319 3142 1574 3188; x_wconf 85' lang='lat' dir='ltr'><strong>admodum</strong></span> <span class='ocrx_word' id='word_1_233' title='bbox 1597 3148 1809 3202; x_wconf 89' lang='lat' dir='ltr'><strong>acceptos</strong></span> <span class='ocrx_word' id='word_1_234' title='bbox 1829 3155 1843 3197; x_wconf 89' lang='lat'>;</span> <span class='ocrx_word' id='word_1_235' title='bbox 1868 3141 2041 3202; x_wconf 88' lang='lat' dir='ltr'><strong>quibus</strong></span> <span class='ocrx_word' id='word_1_236' title='bbox 2070 3146 2125 3187; x_wconf 94' lang='lat' dir='ltr'><strong>ut</strong></span> <span class='ocrx_word' id='word_1_237' title='bbox 2147 3142 2336 3202; x_wconf 90' lang='lat' dir='ltr'><strong>prodes-</strong></span> 
     </span>
    </p>
   </div>
  </div>
 </body>
</html>
