2944 3906
719 504 775 543 62
1342 497 1891 542 ABERDONENSIUM

722 649 835 695 bant
859 660 873 701 ;
919 648 1041 693 alter
1072 660 1312 693 sacrarum
1347 648 1594 694 literarum
1627 648 1931 703 enarrationi,
1972 649 2092 695 alter
2127 650 2355 710 pontificii
2385 653 2513 714 juris

719 745 1047 807 frequentibus
1064 745 1375 799 auditoribus,
1392 745 1646 792 insudabat
1658 759 1676 817 3
1701 745 1915 794 Thomas
1932 745 2223 810 Straquhyn,
2241 748 2516 800 Alexander

721 843 917 899 Vascus,
931 846 1015 905 qui
1038 845 1220 904 primus
1237 842 1528 890 Aberdoniae
1549 843 1811 890 scholarem
1824 845 1924 907 egit
1944 845 2292 906 praefecturam,
2317 855 2517 911 uterque

720 943 959 1005 pontificio
986 943 1098 1004 jure
1124 942 1380 989 admodum
1413 924 1663 998 eruditus;
1698 941 1731 988 J
1732 943 1904 990 acobus
1928 943 2141 1001 Brunus,
2163 945 2518 995 Aberdonensis

720 1042 939 1095 decanus,
964 1041 1109 1087 sacris
1132 1041 1283 1088 literis
1305 1041 1498 1088 edoctus
1519 1055 1533 1096 3
1568 1046 1713 1103 atque
1741 1043 1823 1088 alii
1854 1034 2119 1104 complures
2143 1050 2192 1092 et
2213 1045 2437 1094 humanis
2472 1055 2518 1094 et

719 1140 895 1187 divinis
918 1140 1068 1186 literis
1091 1140 1334 1201 pollentes.
1396 1139 1687 1187 Aberdoniae
1709 1141 1871 1202 itaque
1898 1143 2059 1191 sedere
2083 1143 2166 1190 ubi
2188 1158 2438 1205 eoeperam,
2462 1152 2518 1192 ut

720 1217 1012 1287 commodius
1026 1238 1341 1286 adolescentes
1355 1238 1616 1299 disciplinis
1630 1238 1967 1294 formarentur,
1974 1239 2289 1287 Wilhelmum
2305 1241 2517 1303 Hayum,

721 1338 915 1398 quicum
954 1336 1268 1397 philosophiae
1305 1336 1503 1382 Parisiis
1543 1350 1737 1396 operam
1773 1337 2011 1392 dederam,
2050 1339 2198 1385 accivi
2240 1340 2293 1385 in
2337 1341 2517 1387 socium

721 1435 909 1489 laboris,
943 1440 1000 1481 ut
1033 1434 1266 1494 primaeva
1298 1439 1442 1480 aetate
1472 1434 1694 1481 inchoata
1727 1433 2056 1482 benevolentia
2089 1437 2375 1492 animorum,
2410 1453 2520 1485 con-

721 1533 898 1580 stantia
919 1532 1073 1587 nobis,
1103 1533 1187 1593 qui
1210 1531 1433 1595 Angusia
1465 1533 1706 1580 communi
1736 1534 1982 1594 provincia
2003 1535 2121 1590 nati,
2146 1535 2349 1583 Deidoni
2374 1538 2516 1584 simul

719 1633 940 1693 pueritiae
979 1638 1195 1692 tempora
1233 1631 1520 1693 peregimus,
1567 1631 1764 1678 Parisiis
1795 1633 1973 1678 eisdem
2012 1633 2103 1679 sub
2142 1635 2517 1695 praeceptoribus

720 1738 962 1791 utcunque
984 1730 1195 1777 instituti
1222 1729 1418 1783 fuimus,
1448 1730 1509 1775 ad
1539 1730 1723 1776 exitum
1745 1744 1897 1791 usque
1919 1730 2038 1777 vitae
2059 1739 2397 1791 perseveraret.
2467 1732 2516 1779 Is

720 1844 896 1892 magna
928 1830 980 1875 in
1012 1843 1089 1874 me
1117 1829 1313 1875 caritate
1347 1828 1532 1883 ductus,
1568 1828 1640 1875 uti
1674 1828 1965 1875 necessarius
1998 1843 2186 1875 mecum
2219 1828 2512 1878 Aberdoniae

721 1928 943 1975 consedit.
1006 1927 1299 1974 Literarium
1321 1926 1531 1973 laborem
1553 1927 1716 1974 animo
1737 1926 1885 1974 subiit
1907 1928 2159 1982 constanti,
2182 1928 2337 1975 indies
2359 1930 2515 1991 magis

718 2001 976 2074 delectatus
1009 2027 1062 2073 in
1094 2025 1467 2073 adolescentibus
1501 2026 1772 2072 erudiendis
1802 2013 1958 2073 e'omes
1989 2025 2261 2073 fidissimus.
2331 2026 2517 2074 Exacta

718 2126 829 2172 inde
851 2131 900 2172 et
921 2125 1244 2186 perseveranti
1266 2124 1516 2187 diligentia
1537 2124 1758 2171 effectum
1785 2131 1873 2180 est,
1895 2131 1952 2172 ut
1975 2125 2109 2172 brevi
2132 2131 2345 2187 tempore
2367 2140 2516 2188 praes·

718 2225 841 2272 tanti
864 2224 1114 2285 disciplina
1135 2224 1228 2270 viri
1256 2238 1316 2270 ex
1338 2222 1669 2270 Aberdonensi
1699 2225 1960 2271 universali
1986 2218 2227 2272 academia
2254 2225 2515 2286 prodirent,

718 2327 769 2373 in
802 2325 979 2371 divinis
1013 2325 1164 2371 literis
1198 2329 1246 2371 et
1278 2329 1484 2385 utroque
1510 2325 1623 2386 Jure
1661 2324 1818 2378 multi,
1855 2324 2081 2384 permulti
2111 2324 2163 2370 in
2199 2324 2512 2385 philosophia.

716 2423 989 2471 Alexander
1009 2422 1196 2484 Hayus,
1221 2423 1318 2470 acri
1342 2423 1574 2483 praeditus
1596 2422 1807 2485 ingenio,
1828 2419 2080 2482 praestanti
2104 2422 2284 2469 virtute
2306 2427 2354 2468 et
2376 2422 2514 2467 disci·

717 2524 862 2583 plina,
896 2538 1024 2569 nunc
1046 2522 1400 2569 Aberdonensis
1431 2522 1700 2576 canonicus,
1730 2521 1916 2582 primus
1938 2535 1998 2567 ex
2020 2520 2080 2567 iis
2102 2521 2186 2581 qui
2217 2535 2278 2566 ex
2300 2518 2514 2566 Aberdo-

716 2623 851 2668 nensi
884 2623 1136 2684 gymnasio
1158 2635 1439 2681 processere,
1476 2621 1559 2680 qui
1593 2621 1711 2666 alios
1735 2618 1883 2666 bonas
1917 2624 2043 2665 artes
2078 2618 2306 2672 docuerit,
2334 2618 2511 2680 quique

716 2720 890 2767 ibidem
914 2719 1246 2767 scholasticum
1268 2718 1552 2779 primarium
1574 2719 1726 2780 egerit
1748 2718 2098 2780 magistratum.
2150 2715 2358 2763 Jacobus
2375 2715 2512 2778 Ogil-

713 2821 837 2874 vius,
859 2818 1007 2866 nobili
1030 2824 1078 2865 et
1101 2817 1314 2878 opulenti
1336 2831 1395 2863 ex
1412 2816 1608 2871 familia,
1624 2817 1752 2878 juris
1767 2816 1973 2863 Caesarei
1991 2814 2242 2877 professor,
2263 2820 2371 2876 post
2388 2812 2513 2860 Wil-

714 2919 860 2965 helmi
893 2918 1076 2964 exitum
1106 2918 1167 2963 ad
1207 2931 1394 2964 sacrum
1418 2914 1808 2962 Aberdonensem
1838 2914 2168 2976 pontificatum
2201 2913 2476 2975 designatus
2499 2924 2511 2956 z

715 3033 811 3078 quo
827 3018 1035 3072 tandem,
1049 3022 1105 3063 ut
1124 3021 1284 3063 ortum
1307 3016 1433 3062 inter
1448 3014 1585 3077 regni
1602 3014 1834 3075 primores
1851 3013 2102 3060 dissidium
2125 3012 2385 3065 tolleretur,
2408 3025 2509 3057 sese

713 3116 973 3163 amicorum
1006 3130 1151 3163 suasu
1184 3114 1438 3168 abdicavit,
1473 3113 1727 3160 rectoriam
1768 3111 2155 3173 Kynkeldensem
2189 3109 2332 3155 simul
2365 3114 2510 3169 atque
