2944 3906
746 504 802 543 28
1373 498 1916 543 ABERDONENSIUM

751 647 1010 693 illustrium
1032 647 1296 706 praesertim
1320 648 1547 694 virorum.
1617 646 1862 709 Siquidem
1884 648 1960 693 cui
1984 646 2122 692 initia
2144 646 2259 691 adeo
2281 645 2413 691 fuere
2436 645 2538 692 feli-

751 745 837 798 cia,
872 751 928 791 ut
958 750 1007 791 et
1045 744 1262 791 Franciae
1292 751 1339 790 et
1366 744 1560 807 Angliae
1600 761 1649 791 se
1679 760 1839 809 regem
1876 745 2176 806 gloriaretur,
2211 759 2540 790 consenescens

748 843 997 905 profugus,
1017 843 1234 896 extorris,
1258 844 1421 902 procul
1452 844 1622 903 patria,
1645 849 1897 904 postquam
1922 843 2048 889 inter
2078 842 2287 888 Francos
2310 849 2357 888 et
2380 842 2542 888 Scotos

751 940 888 1002 (quos
919 942 1123 987 secunda
1155 940 1349 987 fortuna
1381 941 1617 988 hostiliter
1645 943 1761 988 adeo
1790 941 1948 988 fuerat
1978 941 2270 1002 persecutus)
2294 940 2532 1003 refugium

749 1039 1042 1099 quaesivisset
1065 1045 1113 1085 et
1136 1039 1402 1085 subsidium
1425 1053 1436 1084 ε
1459 1056 1489 1086 a
1510 1041 1609 1086 suis
1633 1047 1797 1101 captus
1821 1040 2107 1102 ignobiliter,
2131 1055 2331 1102 regnum
2355 1045 2540 1086 utrum-

749 1153 855 1198 que,
879 1138 988 1184 inde
1011 1138 1159 1183 vitam
1183 1138 1234 1183 in
1249 1138 1450 1184 vinculis
1478 1140 1650 1184 amisit.
1698 1138 1777 1184 Ad
1802 1138 2039 1184 Thomam
2064 1139 2233 1183 redeo:
2257 1139 2297 1184 is
2322 1135 2397 1195 (ut
2418 1138 2539 1183 dixi-

748 1237 874 1296 mus)
899 1234 1178 1282 Eduardum
1214 1235 1417 1297 fugiens,
1449 1236 1654 1281 Scotiam
1690 1235 1768 1292 (ne
1791 1236 1852 1281 ab
1875 1235 2212 1289 Eduardianis‚
2246 1237 2330 1295 qui
2352 1236 2536 1282 'itinera

748 1333 1074 1386 observabant,
1120 1333 1498 1394 interciperetur)
1538 1338 1697 1392 petere
1730 1347 1966 1386 recusans,
2003 1334 2054 1378 in
2090 1331 2294 1378 Galliam
2335 1334 2535 1378 mendici

747 1431 914 1477 habitu
947 1432 1164 1492 trajecit:
1204 1430 1286 1476 ubi
1321 1431 1615 1491 aliquamdiu
1646 1437 1718 1477 est
1740 1437 2060 1477 commoratus
2095 1446 2204 1476 cum
2228 1430 2401 1476 Carolo
2425 1431 2539 1491 Sep-

746 1531 877 1583 timo,
911 1530 994 1590 qui
1029 1544 1083 1575 eo
1116 1528 1483 1575 familiarissime
1516 1536 1588 1575 est
1627 1544 1758 1583 usus,
1795 1535 2077 1589 secutusque
2111 1530 2214 1590 ejus
2249 1530 2533 1576 sententiam

747 1629 796 1673 in
821 1628 985 1673 multis
1009 1627 1148 1672 rebus
1171 1627 1399 1688 gravibus
1423 1628 1631 1688 agendis.
1679 1627 1917 1673 Dimissus
1949 1628 2141 1673 tandem
2165 1642 2194 1672 a
2216 1642 2326 1689 rege
2351 1627 2536 1680 Carolo,

746 1728 796 1772 in
814 1727 1018 1786 patriam
1036 1726 1228 1788 navigio
1242 1732 1314 1772 est
1331 1741 1547 1772 reversus
1564 1740 1577 1781 ς
1598 1725 1695 1780 ubi,
1710 1726 1770 1772 ob
1787 1726 2204 1786 praestantissimas
2221 1726 2368 1771 animi
2389 1726 2536 1778 dotes,

745 1824 1007 1871 Alexandri
1024 1824 1171 1878 Vaus,
1195 1825 1287 1870 viri
1314 1824 1484 1871 nobilis
1509 1831 1555 1870 et
1575 1825 1765 1878 eruditi,
1788 1826 1870 1885 qui
1895 1830 1999 1870 tum
2023 1824 2252 1870 Candidae
2277 1824 2412 1870 Casae
2436 1839 2534 1870 rem

741 1911 925 1969 sacram
948 1922 1153 1977 tenebat,
1184 1938 1341 1983 opera,
1364 1922 1724 1970 Gallovidianus
1748 1924 1994 1984 episcopus
2017 1929 2088 1969 est
2123 1924 2401 1968 declaratus.
2472 1923 2529 1968 In

743 2037 884 2081 quem
907 2022 1176 2083 gravissimi
1208 2022 1299 2066 viri
1334 2021 1483 2067 officio
1517 2036 1702 2082 semper
1735 2028 1806 2068 est
1839 2037 1970 2075 usus,
2005 2022 2334 2067 honorandum
2369 2036 2527 2067 senem

744 2126 799 2166 ut
822 2125 1064 2179 parentem
1089 2125 1355 2172 veneratuS,
1386 2120 1543 2165 aetatis
1570 2120 1881 2166 imbecillitati
1912 2125 2147 2180 quantum
2175 2126 2278 2165 tum
2311 2119 2412 2165 fieri
2442 2135 2527 2179 per

744 2234 851 2264 eum
875 2218 1031 2277 potuit
1054 2217 1274 2263 subvenit
1295 2229 1306 2261 ε
1341 2223 1575 2277 praesente
1598 2233 1722 2272 sene,
1754 2233 1854 2265 sese
1877 2219 2147 2278 episcopum
2171 2224 2255 2263 aut
2282 2218 2528 2263 dominum

742 2317 968 2376 appellari
986 2330 1231 2376 nunquam
1247 2331 1413 2375 passus
1428 2322 1528 2362 est:
1548 2330 1653 2376 quae
1668 2315 1961 2370 Gallovidiae,
1979 2322 2063 2362 aut
2080 2316 2278 2361 ubilibet
2295 2317 2345 2361 in
2365 2330 2526 2376 regno,

743 2430 829 2460 sua
850 2429 992 2473 opera
1009 2415 1285 2460 secundiora
1303 2415 1680 2460 commodiorave
1697 2415 1757 2460 ad
1772 2415 2010 2474 publicam
2033 2414 2289 2459 utilitatem
2316 2427 2526 2466 evenere,

742 2527 838 2558 non
861 2527 960 2558 suae
983 2513 1065 2558 sed
1087 2513 1211 2558 senis
1234 2513 1501 2572 prudentiae
1524 2519 1572 2558 et
1595 2514 1865 2559 auctoritati
1889 2519 2079 2572 accepta
2099 2511 2292 2557 ferebat.
2362 2510 2425 2557 Ei
2449 2526 2528 2556 ex-

742 2611 1002 2657 actissimos
1025 2611 1239 2656 custodae
1269 2610 1453 2664 tribuit,
1481 2617 1528 2656 et
1559 2617 1813 2657 nocturnos
1837 2617 1885 2656 et
1907 2611 2118 2664 diurnos,
2148 2624 2207 2655 ne
2236 2610 2311 2655 vel
2339 2610 2525 2654 minimi

742 2709 1025 2754 incommodi
1048 2709 1300 2768 quicquam
1323 2715 1499 2768 praeter
1521 2715 1809 2755 senectutem
1832 2709 2152 2755 inevitabilem
2177 2709 2279 2754 Seni
2303 2722 2523 2770 arguere-

742 2813 822 2851 tur
844 2806 1088 2852 accidisse:
1114 2821 1254 2867 quem
1279 2807 1409 2852 senio
1432 2806 1695 2852 confectum
1719 2813 1767 2852 et
1789 2806 1965 2853 fessum
1990 2808 2207 2860 vivendo,
2231 2806 2422 2852 tandem
2445 2819 2524 2849 ex-

741 2906 957 2958 tinctum,
979 2904 1157 2951 honore
1179 2920 1274 2964 quo
1297 2906 1499 2964 optimos
1523 2911 1571 2950 et
1593 2906 1913 2951 sanctissimos
1943 2906 2183 2965 episcopos
2210 2903 2403 2949 solitum
2435 2909 2520 2955 est,

743 3003 927 3063 magnis
949 3003 1119 3049 extulit
1142 3004 1395 3063 impensis:
1419 3009 1467 3049 et
1490 3017 1549 3048 ne
1577 3003 1756 3062 aliquid
1778 3002 2086 3064 gratitudinis
2109 3000 2312 3047 officium
2341 3001 2520 3046 daeide-

742 3104 942 3152 raretur,
978 3105 1085 3158 post
1119 3099 1253 3146 bonis
1286 3099 1496 3146 moribus
1531 3105 1579 3146 et
1613 3100 1845 3146 institutis
1869 3098 2246 3145 Gallovidianam
2281 3099 2516 3145 dioecesim
