2944 3906
1046 410 1500 454 EPISCOPORUM
1529 410 1705 454 VITAE.
2216 417 2266 455 15

475 559 635 614 cendo,
652 557 911 620 populique
934 558 1228 604 emendando
1250 558 1471 618 deliquia,
1494 559 1731 603 lustravit.
1767 558 1976 620 Singulis
2002 561 2128 606 enim
2152 567 2268 607 tem-

476 658 566 718 plis
596 656 785 703 coeunti
810 656 986 716 populo
1009 656 1110 717 ipse
1132 662 1180 703 et
1197 672 1330 703 sacra
1353 657 1465 719 egit,
1489 662 1537 702 et
1559 661 1631 702 est
1653 657 1969 703 concionatus.
2026 657 2096 705 At
2118 643 2268 720 quum

468 756 592 802 forte
627 753 895 815 Kyldrotty
917 761 1053 810 esset,
1077 754 1330 802 facinorosi
1353 756 1547 817 quidam
1578 755 1722 800 sacris
1746 755 1999 810 interdicti,
2024 763 2073 803 et
2096 757 2155 804 ob
2177 758 2267 805 hoc

471 854 691 914 episcopo
727 852 917 908 infensi,
958 854 1086 900 illius
1122 854 1472 901 insidiabantur
1506 854 1664 914 capiti,
1690 854 1887 915 jamque
1922 856 2092 901 armati
2127 869 2267 902 vene-

472 957 584 998 rant
606 952 667 998 ad
689 967 790 998 rem
814 951 1061 998 infandam
1084 953 1462 1013 perpetrandam.
1532 951 1589 997 Id
1611 952 1694 998 ubi
1715 953 1919 998 relatum
1950 959 2052 999 erat
2074 952 2106 998 J
2108 955 2264 1008 oanni,

469 1050 758 1111 pontificalia
780 1052 977 1098 indutus
1001 1051 1216 1112 nihilque
1244 1065 1437 1112 pavens,
1470 1051 1779 1096 adventantes
1809 1052 2085 1112 aggreditur
2114 1054 2264 1099 solen-

468 1150 592 1196 niori
616 1156 850 1210 apparatu
872 1151 1027 1196 denuo
1051 1155 1368 1197 execraturus.
1413 1149 1632 1210 Tyranni
1655 1150 1978 1194 venerandum
2001 1151 2262 1197 antistitem

467 1248 740 1308 conspicati,
766 1254 1025 1309 spectatam
1050 1250 1165 1295 adeo
1187 1249 1398 1309 primum
1415 1248 1635 1294 demirati
1653 1248 1895 1302 virtutem,
1918 1249 2084 1308 positis
2103 1251 2261 1304 armis,

467 1347 621 1392 ira-et
646 1347 768 1401 odio,
793 1348 854 1392 ad
881 1348 983 1408 ejus
1015 1348 1156 1407 pedes
1187 1347 1426 1407 pervoluti
1455 1346 1633 1392 obortis
1665 1346 1921 1407 lachrymis
1945 1348 2129 1393 veniam
2156 1363 2261 1408 pre-

466 1451 640 1500 cantes,
655 1460 755 1491 sese
775 1461 883 1491 cum
898 1445 1104 1491 fortunis
1121 1445 1340 1491 omnibus
1361 1446 1488 1490 illius
1508 1445 1704 1490 arbitrio
1722 1445 2008 1491 obtulerunt.
2060 1446 2257 1500 Praesul,

464 1550 521 1589 ut
555 1543 715 1588 animo
747 1548 850 1588 erat
877 1542 1005 1589 facili
1028 1544 1090 1588 ad
1111 1543 1466 1605 ignoscendum,
1490 1542 1723 1588 restitutis
1752 1544 1895 1604 agris,
1930 1546 2252 1605 reparatisque

463 1642 669 1688 ecclesiae
692 1642 877 1687 damnis
902 1647 950 1687 et
971 1642 1176 1704 injuriis,
1199 1642 1481 1701 poenitentes
1505 1640 1803 1687 anathemate
1820 1642 2011 1688 levavit.
2047 1642 2252 1703 Oppres-

463 1756 544 1788 sus
576 1741 645 1787 ita
669 1741 745 1786 vir
772 1741 980 1801 optimus
1008 1740 1263 1793 laboribus,
1301 1755 1387 1800 pro
1410 1740 1652 1801 religionis
1684 1739 2024 1794 observatione,
2063 1741 2147 1787 diu
2174 1757 2251 1788 su-

462 1855 648 1902 peresse
681 1854 779 1886 non
802 1840 973 1900 potuit.
1043 1838 1188 1885 Sexto
1211 1839 1386 1885 etenim
1410 1853 1534 1884 anno
1557 1853 1700 1898 quam
1724 1838 2051 1898 pontificatum
2074 1840 2246 1887 inierat

462 1956 488 1986 e
511 1940 667 1986 medio
699 1944 771 1984 est
801 1938 1032 1992 sublatus,
1064 1943 1112 1984 et
1141 1937 1342 1983 Davidis
1376 1937 1568 1983 secundi
1599 1943 1733 1983 sexto
1764 1952 1909 1997 supra
1936 1939 2244 1995 vicesimum3
2280 1943 2404 1991 A,D,
2431 1947 2572 1991 1355.

462 2040 769 2099 sepultusque
793 2052 967 2100 magno
991 2037 1206 2085 omnium
1230 2051 1336 2082 cum
1360 2051 1561 2082 moerore
1583 2036 1634 2081 in
1658 2036 1799 2082 choro
1822 2034 2161 2084 Aberdonensi.

529 2237 589 2284 In
610 2238 755 2300 hujus
779 2239 935 2283 locum
963 2234 1399 2281 ALEXANDER
1421 2234 1514 2280 DE
1540 2234 1684 2280 KYN
1686 2233 1763 2280 IN
1765 2233 1919 2280 MUN
1920 2234 1967 2280 D
1984 2236 2254 2282 divinarum

462 2338 875 2396 humanarumque
898 2350 1059 2381 rerum
1081 2336 1328 2394 interpres,
1351 2334 1440 2379 hac
1462 2333 1646 2379 ratione
1669 2332 1967 2394 subrogatur.
2002 2332 2125 2380 Erat
2148 2340 2252 2380 tum

461 2436 584 2483 forte
608 2435 833 2481 Nicolaus
857 2435 1053 2495 quidam
1078 2434 1153 2478 vir
1182 2432 1460 2478 ambitiosus
1486 2432 1569 2492 qui
1597 2446 1655 2477 ex
1679 2430 1846 2484 Gallia,
1882 2446 1990 2477 cum
2023 2446 2134 2493 rege
2156 2431 2253 2478 Da-

462 2535 570 2580 vide
594 2539 803 2588 venerat,
827 2539 875 2579 et
892 2533 952 2579 ob
973 2533 1063 2578 hoc
1077 2532 1120 2577 ei
1134 2531 1425 2577 familiarior.
1470 2530 1612 2584 Huic,
1632 2531 1893 2576 aulicorum
1910 2530 2120 2590 impulsu
2133 2546 2250 2590 quos

462 2632 714 2694 largitione
743 2637 1032 2692 corruperat,
1055 2630 1444 2676 Aberdonensem
1475 2629 1800 2689 pontificatum
1831 2607 2133 2674 deferendum
2166 2644 2250 2675 rex

460 2745 740 2792 persuasum
763 2729 960 2785 habuit3
987 2736 1034 2775 et
1056 2730 1118 2775 ad
1139 2730 1259 2775 illud
1283 2729 1608 2789 exequendum
1631 2728 1791 2773 literas
1815 2728 1876 2773 ad
1893 2728 2151 2787 capitulum
2170 2728 2247 2773 de-

463 2831 535 2876 dit
557 2827 908 2875 Aberdonense.
978 2827 1278 2887 Responsum
1313 2836 1384 2872 est
1419 2842 1448 2871 a
1481 2827 1715 2872 canonicis
1749 2826 2073 2886 pontificatum
2096 2823 2246 2870 Aber-

461 2931 717 2976 donensem
739 2928 952 2973 nondum
975 2941 1029 2971 eo
1052 2925 1310 2979 devenisse,
1332 2929 1388 2970 ut
1411 2924 1494 2984 qui
1516 2925 1623 2983 plus
1646 2924 1896 2985 largitione
1919 2928 1966 2968 et
1989 2896 2245 2969 ambitione

461 3029 654 3082 valeret,
686 3027 821 3074 bonis
850 3031 898 3073 et
926 3023 1074 3072 doctis
1092 3024 1293 3086 rejectis,
1315 3023 1517 3085 gradum
1544 3022 1754 3082 primum
1782 3021 2014 3068 obtineret
2040 3021 2243 3083 dignita-
