2944 3906
722 546 776 584 70
1340 540 1886 585 ABERDONENSIUM

720 685 886 730 mediis
931 686 1031 747 ipse
1076 686 1253 732 deliciis
1294 685 1566 741 abstemius,
1605 687 1745 732 vultu
1784 686 1966 741 hilaris,
2005 700 2221 733 sermone
2254 687 2512 748 jucundus,

720 783 966 830 doctorum
983 783 1406 847 congressionibus,
1428 784 1637 838 musicis,
1654 783 1959 844 honestisque
1975 784 2096 846 jocis
2113 785 2350 847 gaudebat
2366 786 2517 846 pluri-

720 896 868 937 mum,
906 897 1188 943 omnemque
1216 881 1540 928 detestabatur
1568 881 1918 928 scurrilitatem.
2002 881 2166 930 Inerat
2197 884 2241 930 ei
2275 890 2412 931 tanta
2443 884 2517 930 in-

719 982 848 1043 genii
866 988 1008 1042 atque
1031 980 1179 1026 animi
1203 980 1291 1034 vis,
1314 986 1370 1027 ut
1391 980 1513 1027 nihil
1535 981 1579 1027 ei
1602 980 1730 1042 quod
1751 980 1812 1026 ad
1834 994 1937 1026 rem
1958 979 2196 1041 publicam
2218 982 2517 1042 privatamve

720 1079 975 1140 gerendam
991 1079 1194 1125 attinere
1213 1078 1405 1133 diceres,
1428 1078 1660 1125 defuerit:
1695 1077 1902 1125 urbanas
1924 1093 2001 1125 res
2022 1079 2359 1141 religiosasque
2374 1081 2519 1142 Juxta

721 1176 932 1230 callebat,
966 1177 1371 1231 accommodatum
1405 1176 1584 1224 habens
1615 1177 1676 1223 ad
1708 1177 1870 1224 omnia
1897 1177 2159 1239 ingenium.
2226 1176 2402 1224 Nullus
2429 1178 2519 1224 hoc

722 1281 824 1322 toto
847 1282 1058 1336 tempore
1074 1276 1394 1338 jurisdicundi
1411 1276 1623 1336 peritior,
1645 1277 1806 1322 nullus
1829 1276 1891 1322 ad
1911 1289 2089 1337 magna
2104 1275 2313 1337 gerenda
2333 1276 2518 1336 aptior:

725 1388 835 1419 nam
861 1380 908 1420 et
931 1374 1198 1434 eloquentia
1220 1378 1496 1433 praestantes
1519 1378 1730 1419 oratores
1752 1372 1975 1433 aequavit,
2008 1378 2057 1419 et
2086 1373 2248 1419 nullus
2270 1387 2326 1419 eo
2347 1374 2518 1433 patriae

726 1471 889 1531 quieti,
923 1472 1042 1531 paci,
1076 1471 1233 1517 decori
1264 1471 1417 1532 magis
1449 1471 1679 1517 meliusve
1712 1470 1965 1517 consuluit.
2034 1470 2198 1517 Ferrei
2219 1485 2367 1531 prope
2389 1472 2521 1518 visus

726 1576 798 1616 est
826 1571 1049 1630 corporiS,
1081 1570 1342 1630 invictique
1372 1570 1521 1616 animi
1551 1570 1603 1616 in
1633 1569 1850 1616 laborum
1884 1570 2151 1624 tolerantia,
2180 1571 2358 1631 quippe
2379 1585 2522 1631 quem

727 1669 887 1714 nullus
905 1667 1051 1722 labor,
1074 1669 1207 1714 nulla
1228 1667 1517 1722 exercitatiO,
1539 1668 1727 1714 nullum
1744 1681 1920 1714 munus
1937 1667 2181 1728 publicum
2197 1669 2518 1728 privatumve,

728 1768 811 1813 sed
841 1781 900 1813 ne
930 1768 1035 1827 ipsa
1064 1767 1255 1827 quidem
1287 1771 1516 1820 senectuS,
1550 1766 1815 1812 communis
1849 1772 1897 1812 et
1929 1766 2218 1812 inevitabilis
2247 1767 2522 1813 mortalium

729 1864 937 1919 morbus,
955 1866 1064 1911 licet
1080 1864 1362 1917 contuderit,
1379 1863 1594 1926 effregit:
1617 1869 1674 1910 ut
1687 1864 1786 1924 qui,
1805 1864 2002 1910 tertium
2021 1878 2168 1924 supra
2183 1865 2523 1927 octogesimum

728 1976 907 2038 annum
936 1977 1096 2025 agens,
1123 1963 1176 2008 in
1197 1962 1425 2025 gravibus
1447 1961 1718 2022 reipublicae
1749 1962 1969 2024 negotiis,
2000 1963 2180 2008 coeteris
2211 1963 2397 2009 acutius
2431 1964 2526 2010 dis-

729 2061 927 2116 serebat,
958 2076 1043 2107 nec
1066 2061 1312 2123 ingenium
1343 2074 1429 2106 nec
1460 2074 1652 2106 sensum
1682 2061 1834 2107 ullum
1867 2059 2022 2106 adhuc
2051 2059 2231 2107 habens
2265 2059 2523 2116 obtusum;

731 2160 886 2205 vivaci
908 2173 1092 2219 semper
1122 2159 1348 2218 praeditus
1372 2158 1614 2212 memoria,
1648 2163 1815 2218 utpote
1843 2173 1989 2219 quam
2010 2159 2145 2205 nulla
2166 2173 2380 2220 unquam
2403 2161 2527 2221 cepit

733 2257 921 2303 oblivio.
979 2256 1202 2303 Senectus
1226 2257 1269 2302 ei
1286 2257 1501 2318 jucunda
1522 2263 1570 2302 et
1593 2256 1876 2311 veneranda,
1897 2270 1996 2303 non
2017 2241 2221 2311 morosa,
2242 2271 2341 2305 non
2363 2258 2522 2312 anxia,

733 2369 830 2401 non
860 2354 1075 2409 difficilis,
1109 2369 1207 2401 non
1238 2354 1390 2401 tristis
1422 2351 1498 2413 (ut
1520 2354 1775 2415 plerisque)
1799 2355 1916 2400 visa.
1983 2353 2067 2410 Et,
2098 2362 2155 2402 ut
2184 2357 2347 2416 paucis
2373 2358 2528 2403 multa

736 2455 1072 2516 constringam,
1096 2468 1181 2500 nec
1202 2454 1255 2499 in
1277 2468 1332 2500 eo
1354 2467 1510 2499 mores
1533 2459 1749 2499 senectus
1771 2459 2057 2507 mutaverat,
2080 2454 2165 2514 qui
2187 2468 2373 2514 semper
2393 2454 2526 2502 fuere

738 2553 922 2612 optimi,
952 2567 1038 2598 nec
1059 2552 1286 2613 quicquid
1312 2552 1475 2606 sensit,
1505 2558 1769 2598 extremam
1796 2558 1907 2598 ante
1936 2552 2283 2614 aegritudinem,
2312 2553 2374 2600 ob
2399 2555 2528 2614 quod

739 2656 1027 2697 senectutem
1043 2651 1174 2712 juste
1196 2651 1412 2697 incusare
1435 2656 1607 2711 posset.

810 2747 917 2794 Hoc
930 2749 1156 2808 temporis
1170 2749 1247 2794 vel
1260 2763 1421 2808 prope,
1439 2747 1599 2794 Julius
1619 2747 1877 2803 Secundus,
1894 2747 2110 2809 pontifex
2125 2751 2379 2806 maximus,
2391 2751 2425 2798 J
2425 2767 2530 2800 aco-

742 2848 857 2893 bum
872 2846 1110 2900 Quartum
1126 2861 1211 2907 per
1228 2847 1407 2908 legatos
1422 2845 1710 2893 Christianae
1732 2847 1974 2909 religionis
1996 2854 2310 2908 protectorem
2326 2850 2531 2896 declara-

745 2946 830 3000 vit,
853 2945 1009 2991 missis
1031 2945 1093 2991 ad
1115 2959 1225 2991 eum
1247 2945 1431 3007 legatis,
1463 2945 1547 3005 qui
1577 2946 1792 3008 galerum
1820 2960 2132 3007 purpureum,
2158 2948 2314 2994 aureis
2335 2947 2530 2997 floribus

747 3045 876 3090 varie
892 3049 1182 3098 contextum,
1204 3058 1379 3099 ensem,
1402 3058 1547 3091 aureo
1569 3045 1751 3104 capulo,
1768 3045 1944 3107 vagina
1959 3059 2104 3092 aurea
2118 3046 2320 3107 gemmis
2336 3049 2535 3104 consita,

747 3141 980 3201 pontificis
994 3142 1184 3195 nomine
1199 3142 1437 3197 offerrent,
1449 3143 1899 3204 gratularenturque
1911 3136 2189 3203 plurimum,
2197 3144 2340 3205 quod,
2353 3148 2531 3194 caeteris
