2944 3906
989 561 1443 606 EPISCOPORUM
1473 561 1648 606 VITAE.
2160 568 2213 608 85

420 718 530 760 ante
561 688 881 765 meminimus,
915 710 1046 757 haud
1078 711 1432 766 consummatis,
1466 717 1514 757 et
1547 715 1740 772 pontem
1775 713 1987 767 condere,
2022 719 2069 760 et
2092 713 2214 761 Wil-

418 812 564 857 helmi
587 812 774 870 incepta
798 810 858 855 ad
881 810 1023 856 finem
1053 825 1205 871 usque
1233 811 1503 871 perducere,
1538 810 1641 873 ejus
1676 811 1891 858 animum
1924 827 2100 874 magna
2129 815 2210 860 ad-

416 911 610 955 modum
645 909 836 955 incessit
870 910 1054 970 cupido.
1124 909 1265 963 Quod
1304 915 1360 955 ut
1393 908 1579 957 facilius
1607 893 1934 971 exequeretur,
1969 912 2122 958 voluit
2155 920 2211 958 ut

415 1007 688 1054 Alexander
711 1006 1071 1054 Gallovidianus
1096 1005 1258 1068 (paulo
1287 1014 1427 1054 antea
1450 1009 1508 1054 de
1530 1009 1620 1055 hoc
1642 1010 1747 1055 viro
1770 1016 1842 1056 est
1872 1012 2208 1073 memoratum)

415 1107 491 1153 cui
514 1105 804 1153 Wilhelmus
828 1107 1075 1167 episcopus
1098 1107 1249 1153 veluti
1277 1107 1520 1166 praecipuo
1547 1112 1692 1167 atque
1718 1108 1947 1155 fidissimo
1968 1109 2208 1165 familiari,

414 1220 523 1252 suas
559 1219 721 1251 omnes
758 1204 975 1251 fortunas
1013 1205 1227 1259 credidit,
1269 1205 1427 1267 legata
1460 1205 1521 1250 ad
1556 1205 1807 1267 collegium
1841 1212 1889 1252 et
1922 1207 1983 1252 ad
2015 1214 2209 1266 pontem

413 1305 657 1364 reciperet,
681 1304 1004 1364 tribueretque
1027 1304 1079 1350 in
1101 1318 1217 1350 usus
1241 1302 1492 1349 Wilhelmi
1514 1309 1798 1350 testamento
1822 1305 2095 1352 destinatos.
2159 1306 2210 1352 Is

413 1405 555 1458 enim,
570 1402 980 1463 quod,Wilhelmo
992 1403 1262 1464 superstite,
1280 1403 1477 1465 collegio
1494 1409 1604 1449 ante
1622 1404 1739 1450 alios
1755 1403 1944 1459 faverit,
1962 1407 2207 1466 multaque

412 1503 563 1564 egerit
586 1503 646 1548 ad
669 1503 772 1563 ejus
796 1503 1111 1556 commodum,
1142 1502 1204 1549 ad
1225 1501 1315 1547 hoc
1337 1515 1513 1548 munus
1538 1498 1771 1559 (omnium
1803 1502 2056 1565 sententia)
2080 1519 2204 1551 com-

410 1602 713 1648 modissimus
737 1606 808 1647 est
824 1601 1082 1662 judicatus.
1140 1598 1242 1646 Nec
1265 1614 1341 1646 res
1364 1600 1448 1646 diu
1471 1601 1619 1647 dilata
1638 1614 1649 1645 ε
1685 1615 1804 1661 pons
1828 1603 1965 1648 condi
1990 1610 2062 1650 est
2085 1619 2205 1665 coep-

408 1707 503 1754 tus,
527 1699 711 1761 ingenti
733 1699 934 1759 pecunia
950 1713 1036 1759 per
1053 1697 1295 1745 Gavinum
1314 1699 1374 1744 ad
1393 1713 1512 1759 opus
1535 1698 1718 1746 tributa
1737 1714 1751 1754 3
1780 1715 1956 1762 magna
1973 1702 2075 1763 ejus
2093 1718 2203 1763 pars

410 1798 635 1852 confecta,
658 1813 834 1860 magna
857 1797 1276 1844 consummationis
1299 1811 1405 1858 spes
1431 1797 1651 1845 omnibus
1674 1799 1875 1845 incussa.
1945 1798 1994 1845 N
1995 1815 2046 1847 ec
2068 1806 2203 1849 tanto

409 1913 548 1958 opere
566 1902 831 1951 contentus,
850 1895 1067 1943 Gavinus
1091 1896 1221 1942 aliud
1244 1902 1317 1943 est
1339 1911 1607 1959 aggressus,
1631 1896 1832 1944 basilicae
1849 1896 2202 1947 Aberdonensis

407 1998 682 2043 caelaturam
703 2010 716 2050 ;
752 1997 834 2042 sed
856 1995 946 2041 hoc
968 2009 1157 2056 quoque
1179 2009 1356 2057 magna
1378 2010 1438 2041 ex
1460 2001 1596 2055 parte
1618 1996 1744 2042 mira
1771 2003 1873 2043 arte
1905 2011 2202 2046 consumma-

407 2103 527 2143 tum.
568 2095 701 2142 Inter
723 2095 821 2141 haec
843 2094 971 2155 quod
994 2094 1055 2140 ad
1077 2094 1355 2156 religionem
1378 2094 1565 2150 attinet,
1583 2096 1762 2142 omittit
1784 2096 1906 2143 nihil
1925 2110 1938 2150 ;
1974 2104 2030 2143 ut
2053 2113 2203 2145 sacer-

406 2196 537 2241 dotes
560 2195 652 2240 rite
674 2194 839 2239 divina
861 2197 1172 2254 exequantur,
1195 2193 1404 2253 polleant
1420 2193 1696 2248 virtutibuS,
1723 2209 1885 2241 omnes
1910 2195 2044 2242 bonis
2067 2198 2203 2244 insti-

404 2299 605 2340 tuantur
621 2292 848 2346 moribus,
866 2306 1091 2354 magnam
1107 2291 1342 2352 impendit
1359 2306 1565 2353 operam.
1604 2292 1901 2353 Sperandum
1918 2294 2053 2341 nobis
2070 2295 2198 2342 hunc

404 2395 578 2448 virum,
619 2394 704 2455 qui
743 2392 1044 2454 pontificatus
1079 2391 1155 2438 sui
1185 2391 1336 2438 initiis
1376 2392 1468 2452 piis
1508 2393 1624 2439 adeo
1664 2393 1924 2440 delectatur
1963 2395 2198 2455 operibus,

404 2493 607 2555 majores
631 2507 741 2539 suos
767 2489 926 2549 (modo
954 2491 1257 2552 permiserint
1278 2490 1398 2551 fata)
1423 2498 1470 2538 et
1492 2490 1687 2539 urbanis
1711 2498 1759 2538 et
1788 2491 2020 2555 religiosis
2050 2495 2198 2555 gestis

404 2600 720 2654 aequaturum,

1211 2973 1372 3008 FINIS.
