2944 3906
694 1085 812 1151 IN
863 1084 1566 1153 EPISCOPORUM
1616 1087 1925 1153 VITAS.

499 1271 884 1318 REVERENDO
916 1274 981 1317 IN
1011 1275 1287 1319 CHRISTO
1317 1275 1522 1328 PATRI,
1556 1275 1797 1320 GAVINO
1827 1272 2138 1322 DUMBARL

626 1407 1073 1451 ABERDONENSI
1101 1409 1431 1460 ANTISTITI,
1465 1410 1723 1454 HECTOR
1752 1408 2023 1454 BOETIUS

692 1540 1114 1583 DEIDONENSIS
1142 1541 1432 1584 DEBITAM
1461 1543 1929 1586 REVERENTIAM.

425 1857 619 1919 INTER
640 1874 942 1920 lustrandum
966 1880 1170 1921 vetustae
1192 1880 1369 1922 nostrae
1393 1874 1549 1937 gentis
1573 1881 1895 1930 monumenta,
1920 1874 2106 1921 Praesul
2130 1888 2208 1920 ve-

416 1974 637 2027 nerande,
660 1972 834 2033 quibus
857 1972 1146 2019 Wilhelmus
1165 1972 1514 2033 Elphinstonus
1538 1973 1819 2034 Episcopus,
1842 1974 1956 2020 olim
1973 1974 2205 2035 generalis

415 2070 768 2118 Aberdonensis
792 2071 967 2118 scholae
991 2073 1220 2127 conditor,
1256 2087 1398 2132 quem
1422 2074 1523 2132 ipse
1550 2073 1771 2134 gloriaris
1795 2071 2105 2132 frequentius,
2130 2084 2208 2117 ve·
2235 2117 2239 2120 ,

412 2170 501 2215 luti
524 2170 770 2216 imitandae
794 2171 987 2216 virtutis
1005 2172 1261 2230 exemplar,
1278 2170 1500 2216 habuisse
1517 2171 1923 2230 praedecessorem,
1942 2171 2203 2229 plurimum

410 2268 759 2322 delectabatur3
797 2267 1085 2329 Fergusium
1111 2269 1371 2313 secundum
1402 2282 1563 2328 regem
1594 2269 1679 2326 qui
1710 2267 1959 2314 Scotorum
1987 2282 2203 2329 regnum,

408 2366 546 2411 victis
571 2365 867 2420 Britonibus,
890 2366 1049 2424 patria
1074 2366 1241 2425 procul
1264 2364 1456 2419 abactis,
1486 2365 1620 2411 caesis
1643 2364 1825 2425 ubique
1847 2379 2011 2411 eorum
2039 2367 2203 2424 praesi-

405 2464 511 2518 diis,
534 2465 759 2518 restituit,
796 2464 1047 2510 mandasse
1077 2464 1344 2524 accepimus
1373 2468 1428 2509 ut
1457 2464 1506 2508 in
1533 2461 1652 2509 Iona
1682 2460 1799 2520 (una
1821 2469 1893 2509 est
1918 2462 2197 2523 Hybridum

405 2563 690 2624 insularum)
708 2562 818 2609 libri
833 2561 1006 2623 quibus
1023 2576 1097 2608 res
1111 2567 1290 2609 nostrae
1308 2562 1457 2608 literis
1476 2562 1715 2608 mandatae
1735 2559 1813 2619 (ne
1827 2562 2020 2622 quando
2036 2562 2200 2607 interi-

405 2662 531 2722 rent)
566 2660 825 2708 celebribus
860 2661 1041 2708 aedibus
1083 2661 1144 2707 ad
1177 2661 1266 2706 hoc
1300 2662 1411 2707 data
1445 2675 1587 2721 opera
1618 2661 1860 2714 extructis,
1896 2674 2037 2720 penes
2072 2661 2197 2706 viros

406 2759 563 2819 prisca
584 2765 749 2805 nostra
775 2761 942 2822 lingua
970 2759 1181 2806 eruditos
1212 2765 1369 2806 essent
1402 2763 1449 2806 et
1476 2765 1884 2813 conservarentur,
1908 2773 2067 2805 annuo
2103 2765 2197 2805 sta-

402 2863 509 2904 tuto
532 2857 805 2905 custodibus
828 2858 1015 2913 salario,
1046 2859 1173 2904 unde
1197 2857 1381 2905 Scotica
1404 2859 1637 2919 Juventus
1661 2872 1757 2904 non
1781 2859 1922 2904 modo
1945 2858 2059 2917 quid
2085 2872 2193 2910 una,

401 2957 484 3002 sed
514 2957 631 3017 quid
661 2957 791 3003 omni
822 2962 965 3009 aetate
999 2956 1074 3002 sui
1107 2956 1310 3017 majores
1344 2957 1532 3017 egregie
1554 2950 1764 3010 feeerint,
1794 2956 2081 3017 colligerent,
2114 2970 2193 3001 ex-

398 3056 647 3115 emploque
663 3061 973 3102 moverentur.
988 3055 1048 3101 ad
1067 3068 1273 3108 omnem,
1299 3054 1435 3116 quus
1458 3054 1510 3099 in
1534 3069 1585 3100 re
1609 3054 1773 3100 bellica
1796 3053 1919 3100 foret
1943 3068 2072 3106 usus,
2097 3054 2193 3100 vir-

1267 3157 1304 3187 A
