2944 3906
712 540 769 579 44
1330 537 1873 582 ABERDONENSIUM

711 682 946 744 patefecit,
986 690 1041 730 ut
1086 683 1305 732 omnibus
1341 687 1605 734 incredibili
1641 687 1953 734 admiratione
1993 684 2260 739 haberetur,
2307 699 2494 732 summo

711 783 903 838 honore,
934 798 1122 830 summa
1143 783 1405 831 afficeretur
1427 786 1759 840 veneratione;
1783 785 1909 831 unde
1931 783 2149 831 effectum
2171 790 2227 830 ut
2249 783 2495 830 Wilhelmi

710 898 882 930 nomen
905 885 1032 945 apud
1051 884 1343 930 Francorum
1361 886 1670 947 magistratus
1687 885 1794 932 tam
1811 884 2057 931 excellenti
2079 883 2392 930 aestimatione
2415 884 2499 930 ha-

710 983 809 1029 beri
845 984 909 1029 sit
943 988 1163 1043 coeptum,
1205 989 1262 1030 ut
1297 984 1400 1046 eJus
1440 985 1676 1031 sententia
1711 984 1991 1030 Parisiensis
2028 984 2394 1044 parliamenteus
2426 998 2496 1029 se-

709 1087 850 1127 natus
873 1081 924 1127 in
946 1082 1135 1143 magnis
1162 1082 1304 1128 rebus
1328 1083 1630 1129 decernendis
1653 1082 1996 1144 nonnunquam
2018 1081 2255 1128 uteretur.'
2315 1081 2495 1128 Mansit

710 1179 814 1226 viro
847 1180 888 1225 is
922 1179 1071 1226 honos
1108 1181 1233 1226 inter
1261 1180 1555 1227 Francorum
1591 1182 1825 1244 maJores:
1866 1180 2131 1243 augebatur
2166 1180 2311 1226 etiam
2345 1180 2495 1226 indies

709 1279 1046 1325 benevolentia.
1088 1278 1218 1325 Dum
1233 1280 1284 1324 in
1303 1278 1470 1326 Galliis
1483 1281 1595 1341 egit,
1610 1279 1743 1325 fuere
1757 1280 2021 1339 complures
2043 1278 2216 1338 quibus
2240 1279 2333 1324 viri
2355 1280 2497 1325 socie-

709 1384 781 1424 tas
806 1384 945 1439 grata
966 1383 1068 1423 erat
1091 1378 1345 1422 admodum
1369 1382 1511 1437 atque
1527 1377 1772 1438 jucunda:
1806 1375 1979 1421 horum
2001 1375 2271 1435 praecipuus
2288 1374 2321 1420 J
2321 1390 2496 1422 oannes

707 1476 765 1521 de
783 1474 932 1529 Gana,
947 1476 1030 1535 qui
1052 1481 1216 1535 postea
1239 1476 1402 1538 magni
1420 1474 1778 1521 cancellariatus
1798 1474 2015 1521 Franciae
2039 1489 2213 1520 munus
2236 1475 2399 1536 gessit,
2423 1475 2498 1521 vir

706 1575 830 1620 inter
854 1574 1062 1620 Francos
1091 1580 1206 1620 tunc
1231 1575 1488 1634 praecipuae
1520 1575 1799 1620 eruditionis
1828 1580 1876 1620 et
1905 1574 2214 1620 auctoritatis.
2285 1574 2498 1635 Uterque

661 1661 663 1665 ¹
707 1674 909 1719 alterum
927 1678 1062 1719 tanta
1084 1673 1294 1727 caritate,
1328 1678 1463 1719 tanta
1485 1673 1844 1727 necessitudine,
1879 1678 1951 1719 est
1973 1673 2260 1732 complexus,
2295 1679 2351 1719 ut
2373 1688 2496 1719 nun-

707 1785 851 1830 quam
885 1776 1025 1817 antea
1057 1771 1170 1817 socii
1205 1777 1290 1817 aut
1322 1770 1494 1816 fratres
1527 1771 1732 1832 majori:
1767 1785 1877 1831 quae
1906 1771 2098 1831 utrique
2125 1770 2263 1816 firma
2293 1771 2355 1816 ad
2381 1772 2496 1818 vitae

707 1870 888 1915 exitum
911 1871 1201 1929 perduravit.
1272 1869 1461 1915 Interea
1492 1870 1553 1915 ad
1581 1870 1739 1916 natale
1761 1870 1915 1915 solum
1938 1884 1968 1915 a
1988 1868 2265 1929 parentibus
2288 1875 2359 1915 est
2382 1871 2499 1916 acci-

707 1973 800 2021 tus,
823 1974 879 2013 ut
901 1968 1147 2014 literarum
1165 1968 1390 2022 fructum,
1413 1967 1644 2014 laboriose
1666 1968 1783 2014 adeo
1805 1973 2012 2028 partum,
2037 1968 2098 2013 ad
2120 1967 2316 2014 familiae
2339 1969 2496 2022 decus,

707 2072 754 2112 et
785 2067 845 2112 ad
876 2067 1040 2126 patriae
1059 2067 1327 2113 ’utilitatem
1364 2067 1750 2112 accommodaret.
1819 2065 1961 2112 Nono
1999 2067 2161 2126 itaque
2192 2080 2318 2111 anno
2352 2081 2497 2127 quam

707 2165 757 2209 in
793 2163 996 2210 Galliam
1032 2165 1296 2227 trajecerat,
1321 2164 1607 2211 wilhelmus
1641 2171 1817 2219 noster,
1848 2166 2118 2225 eloquentia
2152 2170 2200 2211 et
2234 2166 2498 2230 eruditione

707 2271 918 2318 ornatus,
941 2265 992 2310 in
1021 2264 1227 2310 Scotiam
1261 2279 1494 2319 reversus,
1517 2266 1578 2310 ad
1602 2264 1944 2327 Glasguensem
1979 2266 2252 2326 episcopum
2285 2267 2496 2326 primum

707 2362 915 2417 divertit,
950 2364 1078 2423 quod
1112 2364 1152 2409 is
1183 2364 1430 2410 literarum
1466 2363 1858 2424 literatorumque
1892 2364 2149 2425 singularis
2184 2370 2305 2411 esset
2340 2367 2497 2412 excul-

706 2467 813 2506 tor:
853 2463 891 2506 a'
914 2476 1010 2521 quo
1044 2468 1261 2522 acceptus
1295 2461 1598 2523 perbenigne,
1632 2476 1809 2524 magna
1841 2462 2143 2508 veneratione
2178 2468 2250 2508 est
2285 2447 2495 2509 affectus.

708 2558 869 2605 Dubia
968 2560 1116 2606 aedam
1148 2561 1299 2606 ardua
1328 2560 1557 2620 pontificii
1591 2561 1733 2622 Juris,
1767 2559 1956 2620 publica
1988 2561 2209 2606 concione
2236 2562 2494 2621 proposita,

707 2659 990 2721 gravissima
1021 2665 1069 2705 et
1083 2658 1086 2662 ’
1099 2674 1244 2718 prope
1272 2664 1636 2718 extemporanea
1657 2659 1870 2704 oratione
1899 2659 1967 2706 ita
1999 2658 2234 2719 patefecit,
2265 2665 2323 2706 ut
2352 2660 2499 2706 antis-

707 2757 844 2803 titem
889 2758 1033 2803 simul
1077 2763 1124 2803 et
1164 2755 1505 2818 Glasguensem
1546 2757 1725 2802 clerum
1770 2757 1819 2803 in
1866 2757 2229 2803 admirationem
2274 2757 2496 2804 traheret.

708 2854 842 2917 Ergo
880 2856 1009 2916 quod
1042 2855 1305 2901 eruditione
1348 2856 1559 2915 polleret,
1592 2855 1785 2916 ingenio
1818 2861 1940 2901 esset
1974 2856 2245 2916 perspicaci,
2285 2855 2496 2901 oratione

708 2955 884 2999 valeret
917 2954 1193 3013 plurimum,
1230 2952 1536 3014 Glasguensis
1572 2951 1847 2999 officialatus
1881 2954 2114 3015 dignitate
2150 2959 2223 3000 est
2260 2953 2495 3007 donatus;

707 3066 815 3110 quae
838 3057 942 3097 tum
965 3052 1258 3112 amplissima
1287 3057 1403 3105 erat,
1439 3057 1487 3096 et
1520 3065 1618 3096 non
1649 3051 1743 3097 nisi
1778 3051 2110 3097 eruditissimis
2141 3050 2323 3097 tributa
2343 3056 2498 3111 potes-

708 3154 794 3195 taS.
865 3147 1003 3194 Hanc
1041 3148 1327 3195 Wilhelmus
1371 3149 1495 3195 mira
1538 3148 1821 3195 dexteritate
1866 3148 2247 3204 administravit3
2289 3150 2496 3211 justitiae
