2944 3906
660 513 716 554 68
1278 509 1825 555 ABERDONENSIUM

659 665 909 721 provectus
943 659 1159 714 honores,
1194 660 1492 707 literatorum
1526 666 1711 707 amator
1744 665 1886 720 atque
1927 659 2154 705 excultor.
2222 657 2282 705 Id
2318 659 2446 706 enim

660 773 746 805 sua
763 759 814 804 in
831 758 1077 805 literarum
1092 757 1381 806 Aberdoniae
1398 759 1635 805 studiosos
1652 758 1930 805 continuata
1945 757 2272 804 benevolentia
2288 764 2451 818 aperte

659 857 967 904 demonstrat.
1007 856 1255 903 Postremo
1272 855 1561 903 Wilhelmus
1583 861 1746 903 noster
1762 855 1909 916 Deyae
1931 854 2141 902 fluminis
2164 862 2356 917 pontem
2380 871 2454 903 as-

661 956 865 1016 sumpsit
887 956 1182 1002 condendum
1202 969 1215 1011 ;
1251 970 1371 1017 opus
1392 957 1528 1017 'pium
1557 962 1605 1003 et
1631 957 1691 1003 ad
1718 955 1962 1017 publicum
1984 956 2279 1003 commodum
2305 958 2453 1017 pluri-

665 1067 799 1100 mum
817 1055 1149 1102 necessarium.
1173 1054 1321 1102 Brevi
1336 1057 1515 1117 lapides
1532 1057 1764 1117 plurimos
1781 1061 1830 1102 et
1847 1056 1982 1118 tigna
1996 1056 2288 1116 comparavit
2309 1062 2452 1117 atque

662 1158 945 1200 caementum
961 1160 1196 1215 quantum
1210 1155 1270 1201 ad
1286 1169 1511 1217 magnam
1527 1155 1680 1216 operis
1695 1159 1879 1215 partem
1894 1153 2230 1201 absolvendam
2242 1154 2453 1212 sufficere

662 1251 930 1307 videbatur,
959 1253 1148 1299 delectis
1171 1253 1428 1300 artificibus
1458 1254 1520 1299 ad
1549 1254 1688 1300 molis
1710 1252 1939 1300 fabricam
1962 1253 2136 1298 accitis.
2205 1250 2454 1298 Scotorum

660 1350 882 1398 historias
906 1352 963 1397 de
984 1352 1140 1413 gentis
1155 1350 1538 1411 antiquitatibus,
1562 1350 1826 1411 praesertim
1848 1350 1976 1409 apud
1994 1349 2236 1410 Hybrides
2259 1350 2454 1403 insulas,

661 1448 743 1495 ubi
766 1450 1005 1509 quondam
1028 1463 1196 1511 regum
1219 1448 1470 1509 sepulchra
1495 1454 1762 1510 nostraeque
1783 1448 1941 1511 gentis
1964 1448 2120 1508 prisca
2141 1447 2455 1494 servabantur

662 1553 983 1602 monumenta,
1014 1562 1190 1610 magna
1211 1548 1460 1610 diligentia
1481 1553 1624 1609 atque
1646 1547 1806 1594 labore
1828 1553 1901 1594 est
1923 1552 2162 1594 scrutatus
2183 1563 2194 1593 ε
2229 1547 2281 1592 in
2303 1561 2455 1594 unum

662 1647 919 1693 coarctavit
941 1647 1166 1693 volumen
1188 1661 1307 1707 quas
1329 1645 1527 1693 invenit.
1579 1645 1843 1692 Enimvero
1864 1646 2104 1706 perierant
2125 1644 2273 1691 ferme
2295 1647 2456 1692 omnia

662 1759 772 1804 quae
795 1746 853 1791 de
877 1744 1126 1791 Scotorum
1148 1746 1295 1807 gestis
1319 1745 1469 1791 literis
1485 1744 1678 1791 fuerant
1698 1744 1938 1798 mandata,
1959 1742 2233 1805 Anglorum
2254 1744 2455 1797 insidiis,

663 1857 813 1903 quum
836 1849 1046 1889 nostram
1071 1844 1313 1905 regionem
1335 1843 1563 1889 intestina
1593 1842 1823 1889 seditione
1845 1841 2140 1888 laborantem
2162 1841 2285 1888 foede
2306 1857 2458 1903 popu-

662 1941 896 1988 labantur.
965 1941 1202 1988 Scoticum
1242 1942 1370 1988 enim
1405 1955 1580 1988 nomen
1611 1941 1728 1987 adeo
1760 1941 1854 1987 illis
1885 1946 1987 1987 erat
2018 1940 2244 1994 invisum,
2274 1946 2331 1986 ut
2360 1955 2459 1987 non

662 2013 803 2087 modo
824 2046 1030 2102 gentem,
1053 2040 1136 2086 sed
1159 2046 1207 2087 et
1230 2041 1386 2102 gentis
1410 2040 1471 2087 ob
1492 2055 1568 2086 res
1592 2040 1781 2102 egregie
1802 2044 1962 2102 gestas
1985 2038 2340 2086 memorabilem
2356 2040 2458 2102 glo-

664 2139 801 2193 riam,
835 2139 1025 2199 penitus
1048 2139 1202 2185 delere
1224 2153 1410 2199 semper
1431 2139 1592 2185 animo
1615 2138 1884 2186 habuerint.
1935 2137 2183 2184 Wilhelmi
2205 2139 2383 2199 scripta
2404 2139 2455 2185 in

663 2253 715 2284 re
738 2237 934 2291 Scotica,
948 2252 1094 2298 quam
1115 2238 1265 2284 literis
1287 2243 1531 2298 utcunque
1553 2238 1779 2284 mandare
1802 2237 2079 2297 incepimus,
2103 2223 2310 2284 maxime
2331 2239 2455 2285 inse·

664 2337 872 2397 quimur.
903 2335 1132 2397 Quisquis
1147 2351 1203 2383 ea
1219 2337 1407 2391 viderit,
1421 2337 1655 2398 intelliget
1668 2337 1843 2384 nostris
1861 2336 2112 2397 scriptores
2129 2335 2348 2392 defuisse,
2370 2344 2455 2384 aut

664 2437 748 2496 qui
769 2435 1044 2497 scripserint
1064 2434 1211 2482 fuisse
1227 2435 1594 2498 negligentiores
1614 2448 1628 2490 ;
1659 2435 1744 2496 qui
1768 2449 1880 2481 vero
1901 2435 2090 2497 egregie
2112 2435 2311 2496 egerint,
2332 2449 2456 2481 nun-

665 2549 825 2595 quam.
881 2534 1164 2582 Sanctorum
1196 2540 1346 2598 gesta,
1379 2534 1554 2595 quibus
1588 2535 1852 2595 plurimum
1885 2534 2014 2594 apud
2045 2548 2131 2580 nos
2162 2534 2452 2594 parochiales

667 2630 743 2690 (ut
763 2633 834 2679 ita
855 2633 1028 2694 dicam)
1059 2634 1265 2680 ecclesiae
1287 2633 1520 2687 dicantur,
1543 2633 1708 2680 multis
1737 2633 1851 2679 locis
1873 2633 2090 2693 quaesita,
2114 2633 2166 2678 in
2188 2646 2339 2678 unum
2363 2634 2455 2678 col-

665 2732 784 2794 legit
817 2745 952 2792 opus,
985 2731 1166 2778 diutius
1198 2746 1344 2792 quam
1377 2745 1465 2791 par
1497 2736 1600 2777 erat
1632 2731 1932 2793 neglectum3
1969 2745 2079 2791 quae
2112 2737 2167 2777 ut
2200 2731 2456 2791 quotannis

666 2836 939 2877 sanctorum
961 2829 1232 2876 solennibus
1255 2829 1400 2876 sacris
1422 2829 1735 2875 recitarentur
1756 2829 1977 2876 obtinuit.
2035 2829 2163 2876 Nam
2185 2828 2337 2892 Angli
2359 2843 2455 2891 quo

669 2935 880 2989 tempore
897 2929 1126 2991 maj0rem
1140 2934 1313 2975 nostrae
1330 2928 1535 2991 regionis
1543 2933 1728 2988 partem
1745 2934 2049 2988 occuparunt,
2064 2937 2334 2975 sanctorum
2351 2941 2456 2989 ges-

669 3034 721 3075 ta
744 3025 845 3087 (qui
879 3028 1007 3088 apud
1039 3042 1126 3074 nos
1149 3028 1379 3088 claruere)
1402 3027 1515 3077 data
1535 3026 1789 3081 memoriae,
1811 3026 1957 3073 libros
1980 3033 2028 3073 et
2057 3026 2380 3080 historiarum,
2403 3032 2451 3071 et

669 3139 874 3187 quorum
906 3127 959 3172 in
991 3126 1136 3173 sacris
1166 3131 1269 3173 erat
1301 3139 1433 3179 usus,
1466 3130 1738 3172 cremarunt
1771 3138 1950 3178 omnes,
1987 3124 2179 3170 illorum
2215 3124 2317 3170 loco
2352 3124 2451 3190 suis
