2944 3906
1010 439 1466 484 EPISCOPORUM
1495 441 1674 485 VITAE.
2186 448 2241 487 35

439 586 512 633 dis
535 587 764 633 damnum
785 587 1063 646 reciperent,
1085 587 1282 633 minime
1305 588 1564 648 quieturos.
1633 588 1780 635 Multi
1805 590 1927 637 hanc
1949 593 2232 639 sententiam

439 687 601 732 secuti.
669 684 785 739 Alii,
808 685 1036 731 suadente
1054 684 1257 740 Thoma,
1280 688 1421 749 longe
1443 687 1582 733 aliter
1604 687 1933 734 existimavere
1952 703 1966 743 ;
1998 690 2138 736 fidem
2156 694 2232 737 vel

438 784 565 830 hosti
587 783 883 837 servandam,
917 784 1104 846 regium
1127 789 1444 832 commeatum
1466 786 1663 832 minime
1686 787 1978 842 violandum,
2001 788 2130 835 haud
2153 791 2230 836 de.-

436 897 538 929 cere
575 886 764 927 tantum
804 897 965 944 regem
1000 883 1187 930 violatae
1216 883 1325 930 fidei
1365 899 1502 945 posse
1536 885 1818 940 insimulari,
1858 901 1955 932 non
1990 902 2089 932 esse
2123 887 2232 934 Bri-

432 980 637 1027 tannicae
670 981 866 1027 virtutis
897 982 1067 1041 quavis
1103 996 1214 1028 cum
1243 987 1385 1044 gente
1418 983 1526 1028 dolo
1561 985 1854 1030 contendere.
1924 985 2137 1032 Multum
2169 988 2229 1032 ad

432 1078 617 1141 Anglos
641 1080 857 1134 attinere,
881 1081 965 1141 qui
988 1079 1140 1127 Scotis
1170 1085 1218 1127 et
1247 1081 1491 1141 opulentia
1513 1086 1561 1127 et
1583 1081 1764 1127 virtute
1789 1096 1973 1142 semper
1995 1082 2126 1129 fuere
2150 1099 2229 1130 su-

428 1177 651 1236 periores,
668 1178 825 1224 illatas
842 1179 1044 1241 injurias
1062 1179 1253 1240 quando
1270 1179 1409 1226 aliter
1426 1194 1647 1239 reparare
1669 1194 1767 1226 non
1783 1186 1990 1240 possent,
2008 1196 2104 1227 non
2121 1183 2228 1228 dolo

429 1262 511 1322 sed
550 1276 744 1336 paribus
784 1277 1134 1324 incursionibus
1173 1279 1668 1339 populationibusque,
1708 1279 1806 1325 imo
1845 1280 1986 1339 plane
2026 1281 2067 1326 si
2107 1295 2225 1340 opus

425 1374 572 1421 fuerit
595 1374 754 1421 Marte
776 1376 954 1421 ulcisci.
1018 1374 1200 1422 Idcirco
1216 1375 1439 1422 Albaniae
1463 1377 1630 1422 ducem
1654 1382 1820 1422 contra
1842 1378 2024 1438 regiam
2047 1380 2227 1438 pollici-

425 1473 654 1519 tationem
688 1474 885 1519 minime
917 1474 970 1519 in
991 1473 1173 1535 Anglia
1205 1475 1521 1520 retinendum.
1590 1475 1883 1521 Mittendum
1918 1477 1970 1521 in
2003 1478 2223 1536 patriam,

425 1572 650 1632 regioque
671 1586 804 1616 more
831 1571 1169 1617 comitandum.
1239 1571 1297 1617 Id
1320 1572 1381 1617 ad
1403 1571 1622 1617 Eduardi
1644 1578 1902 1632 spectatam
1927 1575 2084 1630 fidem,
2118 1591 2226 1636 pro-

422 1670 583 1716 batam
614 1670 847 1716 virtutem
870 1668 1159 1732 Anglorum,
1193 1671 1329 1733 regni
1362 1671 1674 1731 splendorem,
1709 1672 1974 1731 plurimum
2008 1675 2222 1720 attinere.

422 1757 553 1816 Vicit
574 1770 678 1817 haec
701 1770 936 1816 sententia
955 1782 966 1815 :
994 1785 1139 1831 quam
1162 1775 1366 1824 secutus,
1389 1784 1474 1815 rex
1492 1767 1823 1816 Alexandrum
1842 1771 2023 1825 ducem,
2046 1772 2223 1819 delecto

420 1883 529 1914 cum
551 1870 769 1930 equitatu
791 1874 1118 1929 apparatuque
1147 1868 1412 1930 magnifico,
1432 1873 1480 1914 et
1503 1866 1742 1914 Thomam
1761 1868 2046 1928 episcopum,
2070 1871 2221 1916 omni-

419 1967 506 2013 bus
525 1982 633 2013 cum
651 1967 852 2028 captivis
878 1963 1128 2026 (celocibus
1146 1967 1400 2028 restitutis)
1424 1966 1576 2013 mittit
1600 1966 1651 2011 in
1670 1962 1891 2021 Scotiam,
1914 1966 1996 2013 ubi
2010 1966 2043 2012 J
2044 1967 2217 2014 acobus

415 2081 501 2111 rex
540 2072 839 2126 expectatum
879 2066 1079 2112 fratrem
1105 2066 1456 2112 *adventantem
1492 2064 1761 2111 incredibili
1801 2065 1971 2111 laetitia
2008 2067 2184 2127 recepit
2205 2081 2216 2112 ε

415 2165 595 2211 nobiles
617 2163 818 2226 Anglos,
842 2165 925 2224 qui
953 2165 1122 2210 ducem
1144 2164 1462 2210 venerationis
1483 2164 1644 2225 gratia
1665 2162 1857 2209 fuerant
1880 2164 2106 2219 comitati,
2137 2164 2215 2211 be-

414 2264 607 2325 nignius
642 2264 928 2322 complexus,
963 2264 1093 2309 omni
1127 2262 1320 2309 honoris
1354 2276 1525 2324 genere
1559 2261 1746 2307 affecit:
1787 2275 1921 2321 quos,
1956 2261 2039 2308 ubi
2065 2263 2210 2324 regiis

413 2362 644 2408 conviviis
678 2362 860 2421 aliquot
893 2362 992 2407 dies
1027 2367 1293 2415 ornaverat,
1327 2359 1656 2407 asturconibus
1690 2359 1932 2405 variorum
1965 2374 2208 2421 generum,

413 2460 715 2520 accipitribus
736 2460 977 2515 venaticis,
1001 2460 1292 2520 odorisequis
1315 2464 1363 2505 et
1385 2457 1630 2521 sagacibus
1654 2457 1863 2512 canibus,
1887 2458 2085 2518 aliisque
2107 2473 2206 2504 am-

412 2558 637 2617 plissimis
654 2558 946 2614 muneribus,
963 2559 1096 2620 regia
1117 2558 1205 2619 pro
1220 2558 1467 2620 dignitate,
1490 2557 1688 2603 donatos
1712 2571 1742 2603 a
1763 2571 1814 2602 se
1830 2556 2013 2602 dimisit
2035 2557 2087 2602 in
2103 2556 2207 2603 An-

412 2656 559 2717 gliam
575 2669 589 2710 3
613 2656 769 2702 missis
788 2671 897 2703 cum
915 2658 982 2703 eis
999 2658 1184 2719 legatis,
1209 2671 1413 2718 quorum
1430 2656 1696 2717 praecipuus
1713 2630 1925 2702 Thomas
1947 2660 2122 2710 noster,
2144 2657 2206 2701 ad

412 2753 708 2807 Eduardum,
732 2755 816 2814 qui
838 2755 1089 2816 magnifico
1122 2755 1226 2817 regi
1248 2754 1309 2801 ob
1339 2760 1585 2815 expertam
1619 2755 1671 2800 in
1702 2759 1984 2816 germanum
2017 2759 2201 2801 tantam

412 2853 786 2899 benevolentiam
819 2853 998 2914 gratias
1032 2858 1259 2915 agerent3
1300 2853 1464 2913 pacem
1498 2859 1546 2899 et
1578 2852 1732 2899 foedus
1764 2853 1870 2915 jam
1903 2858 2042 2898 antea
2074 2852 2200 2898 inter

410 2967 544 3014 reges
567 2957 616 2999 et
638 2952 838 3013 populos
854 2952 1044 3013 initum,
1061 2951 1326 3011 piratarum
1349 2955 1398 2997 et
1417 2951 1795 2997 latrunculorum
1812 2950 2107 3011 quorundam
2127 2950 2200 2996 in-

409 3050 720 3116 cursionibus,
734 3055 968 3112 quantum
982 3064 1067 3110 per
1081 3063 1159 3096 eos
1173 3048 1274 3095 fieri
1288 3053 1488 3109 poterat,
1502 3049 1698 3110 paulum
1713 3047 2047 3095 labefactatum
2060 3061 2198 3094 reno-
