2944 3906
1008 486 1465 530 EPISCOPORUM
1493 488 1675 531 VITAE.
2190 492 2245 530 69

450 629 702 676 ritualibus
725 643 1061 689 sacrorumque
1079 629 1316 676 codicibus
1334 630 1575 685 adhibitis,
1593 636 1651 677 ut
1667 630 1790 676 nihil
1806 646 1904 678 non
1920 630 2245 695 Anglicanum

449 729 575 775 inter
595 734 782 775 nostros
804 727 944 773 laude
967 728 1168 790 dignum
1191 729 1410 789 deinceps
1433 712 1745 775 inveniretur.

514 827 698 872 Praeter
711 825 816 872 haec
829 841 972 887 opera
989 827 1148 873 civilia
1164 833 1212 873 et
1228 829 1463 890 religiosa,
1478 827 1766 875 Wilhelmus
1784 827 2032 883 familiam,
2050 831 2176 876 unde
2195 832 2239 876 ei

447 926 594 987 origo,
608 925 871 983 plurimum
886 925 1022 971 auxit
1038 930 1087 972 et
1104 927 1294 972 ornavit
1310 940 1324 981 3
1344 927 1508 973 multis
1526 927 1611 987 qui
1627 926 1963 987 Elphinstonae
1977 933 2114 974 erant
2131 942 2246 989 gen-

446 1024 523 1077 tis,
536 1028 622 1069 aut
634 1023 823 1083 praediis
837 1024 1008 1084 amplis
1023 1029 1108 1070 aut
1122 1025 1395 1071 sacerdotiis
1405 1025 1727 1071 ecclesiasticis
1742 1025 1943 1079 donatiS,
1958 1026 2244 1085 complures-

444 1137 551 1182 que,
574 1121 636 1168 ob
658 1128 902 1182 expertam
924 1122 1081 1177 fidem,
1104 1123 1367 1185 ingenium,
1385 1123 1601 1183 'aliasque
1623 1128 1905 1183 praestantes
1923 1124 2071 1169 animi
2093 1125 2242 1178 dotes,

441 1220 616 1281 quibus
630 1221 681 1267 in
698 1220 898 1281 publicis
917 1226 966 1268 et
982 1222 1184 1282 privatis
1202 1222 1406 1284 negotiis
1420 1221 1703 1268 familiarius
1718 1220 1956 1275 utebatur,
1975 1221 2035 1267 ab
2052 1223 2163 1268 exili
2181 1224 2242 1268 ad

441 1321 715 1381 opulentam
737 1294 980 1367 fortunam
1004 1322 1223 1382 provexit
1243 1335 1257 1376 ς
1282 1337 1480 1368 monens
1502 1321 1801 1383 frequentius
1824 1327 1881 1367 ut
1903 1321 2147 1368 fortunam
2170 1338 2243 1369 re-

441 1425 661 1466 verenter
682 1419 926 1474 haberent,
950 1434 1182 1466 memores
1204 1421 1331 1466 unde
1353 1421 1592 1482 progressi
1615 1425 1800 1474 essent;
1833 1419 1934 1466 fore
1957 1426 2012 1466 ut
2035 1421 2139 1480 ipso
2161 1421 2241 1466 de-

438 1517 604 1565 functo
635 1533 733 1564 non
757 1519 862 1580 jam
885 1523 1125 1564 maternas
1147 1519 1334 1578 plumas
1366 1525 1414 1564 et
1445 1519 1625 1579 patrias
1647 1519 1852 1573 delicias,
1886 1520 1969 1564 sed
1999 1520 2239 1579 asperiora

437 1618 577 1678 longe
607 1616 954 1676 experirentur,
986 1622 1410 1677 quantumcunque
1439 1617 1543 1678 eJus
1575 1631 1717 1662 causa
1737 1610 2073 1663 beneuolentiae
2107 1619 2236 1678 apud

438 1729 602 1761 omnes
615 1714 818 1761 fuissent
831 1716 1085 1762 consecuti.
1126 1714 1464 1761 Praedicatores
1481 1714 1670 1770 fratres,
1689 1715 1919 1769 Minores,
1938 1715 2235 1770 Carmelitas,

439 1819 724 1873 caeterosque
741 1814 845 1873 pios
866 1814 1109 1875 religionis
1125 1813 1445 1860 observationi
1463 1814 1661 1869 deditos,
1678 1815 1905 1874 impensis
1922 1814 2069 1876 juvit,
2087 1815 2148 1861 ad
2166 1815 2237 1861 vi-

434 1918 535 1958 tam
559 1913 777 1958 alendam
801 1918 850 1958 et
872 1913 993 1958 aedes
1023 1913 1305 1959 condendas.
1375 1912 1492 1958 Haec
1521 1912 1671 1959 ferme
1692 1912 1941 1958 Wilhelmi
1964 1927 2108 1973 opera
2129 1928 2235 1973 per-

433 2016 579 2070 petuo
601 2010 820 2056 habenda
841 2011 1083 2057 memoria.
1154 2010 1288 2058 Inter
1309 2026 1435 2071 quae,
1466 2026 1574 2057 cum
1597 2025 1744 2071 prope
1767 2011 1966 2057 infinitis
1997 2011 2233 2071 opprime-

432 2115 566 2155 retur
595 2109 736 2163 curis,
766 2124 1015 2169 nunquam
1046 2116 1208 2156 tamen
1238 2110 1299 2156 ab
1329 2125 1381 2156 re
1407 2110 1575 2156 *divina
1597 2110 1811 2156 animum
1835 2111 2043 2164 avertit;
2078 2125 2231 2170 neque

426 2208 620 2270 juvenis
654 2223 807 2269 neque
841 2223 999 2262 senex,
1032 2208 1249 2268 publicus
1285 2213 1370 2254 aut
1401 2209 1634 2268 privatus,
1663 2223 1763 2254 sese
1794 2207 2032 2254 abdicavit
2053 2209 2228 2256 literis.

432 2306 600 2361 Senex,
635 2306 719 2352 ubi
758 2307 962 2353 dabatur
1001 2307 1169 2362 otium,
1207 2321 1354 2353 sacrae
1395 2307 1641 2367 scripturae
1681 2305 2019 2360 voluminibus,
2060 2321 2231 2353 monu-

430 2406 603 2451 mentis
627 2406 984 2466 prophetarum,
1007 2407 1345 2467 apostolorum,
1367 2405 1683 2466 interpretum
1702 2420 1946 2452 sacrorum
1963 2406 2225 2460 doctorum,

429 2519 775 2565 nonnunquam
797 2504 1206 2565 philosophorum,
1237 2519 1347 2566 quae
1369 2505 1431 2551 ad
1453 2504 1641 2551 beatam
1666 2499 1933 2565 praesertim'
1955 2504 2225 2550 conducunt

430 2603 595 2656 vitam,
619 2604 875 2649 admodum
898 2603 1232 2650 delectabatur.
1270 2603 1459 2650 Interea
1490 2617 1678 2650 summo
1710 2604 1823 2657 otio,
1854 2617 2044 2649 summa
2066 2616 2224 2649 versa-

429 2700 572 2746 batur
601 2702 946 2761 tranquillitate
975 2703 1119 2757 solus,
1153 2703 1237 2749 ubi
1263 2703 1385 2749 nihil
1407 2703 1451 2748 ei
1473 2717 1571 2749 non
1594 2703 1853 2763 voluptatis
1876 2703 2084 2762 plenum.
2142 2701 2221 2747 Eo

426 2801 479 2845 in
502 2800 600 2846 otio
623 2806 670 2846 et
702 2800 969 2855 solitudine,
997 2814 1155 2847 secum
1179 2816 1524 2862 nonnunquam
1546 2801 1844 2862 loquebatur,
1878 2815 2039 2846 secum
2064 2800 2220 2846 discu-

426 2898 574 2944 tiebat
591 2899 648 2944 de
663 2898 890 2952 moribus,
912 2899 970 2944 de
988 2899 1103 2953 vita,
1126 2899 1184 2945 de
1201 2899 1397 2944 honeste
1416 2899 1607 2944 vivendi
1630 2899 1875 2959 praeceptis
1899 2910 1910 2942 z
1934 2897 2024 2943 hoc
2046 2897 2217 2953 otium,

425 2998 523 3043 haec
545 2997 792 3044 Wilhelmi
823 2998 1042 3044 solitudo.
1098 2997 1516 3058 splendidissimus
1541 2996 1636 3043 fuit
1658 2997 1711 3042 in
1734 2996 1928 3042 familiae
1952 2995 2082 3043 victu
2098 2996 2217 3041 :vix

424 3110 637 3156 unquam
655 3097 868 3144 coenabat
885 3097 926 3143 si
939 3111 1037 3143 non
1054 3096 1218 3143 multis
1235 3095 1538 3158 magnatibus
1555 3096 1774 3149 sociatus,
1793 3109 1977 3155 semper
1993 3095 2186 3155 opipare
2204 3106 2216 3139 ε
