2944 3906
962 506 1418 554 EPISCOPORUM
1447 506 1624 554 VITAE.
2138 512 2190 554 ’71

402 653 663 703 Christiani
685 656 892 703 nominis
915 657 1224 718 principibus,
1247 658 1396 713 bellis,
1419 655 1730 707 seditionibus
1754 663 1802 705 et
1820 660 2027 707 externis
2051 666 2098 707 et
2122 659 2194 707 in-

403 754 603 809 testinis,
621 753 961 810 laborantibus,
979 757 1108 802 solus
1131 758 1232 818 ipse
1246 757 1391 804 armis
1410 757 1682 804 abstineret.
1718 756 2069 819 oppugnavere
2087 765 2191 805 tum

403 848 587 898 Gallica¹
605 866 739 897 arma
763 851 914 899 Italiae
931 853 1087 919 urbes,
1106 867 1311 916 quarum
1334 856 1579 902 nonnullae
1596 856 1648 902 in
1665 855 1894 902 Lodovici
1912 862 2193 916 potestatem

403 954 645 1003 venerant,
667 951 883 1010 quaedam
901 952 950 997 vi
968 959 1265 1015 expugnatae,
1280 955 1496 1014 quaedam
1513 956 1642 1001 ultro
1656 969 1756 1001 sese
1773 954 2008 1001 dedentes.
2045 954 2195 1001 Italiae

401 1047 652 1108 principes,
675 1054 732 1095 ut
748 1048 925 1095 bellum
943 1051 1059 1097 adeo
1072 1048 1390 1112 periculosum
1407 1067 1436 1098 a
1454 1067 1503 1098 se
1518 1058 1800 1107 averterent,
1823 1052 2086 1099 Henricum
2104 1053 2194 1100 Oc-

401 1150 583 1200 tavum,
591 1145 862 1209 Anglorum
873 1163 1048 1211 regem,
1058 1163 1213 1195 acrem
1221 1150 1578 1204 adolescentem,
1585 1149 1961 1212 flagrantemque
1977 1153 2195 1211 cupidine

403 1245 579 1305 gloriae,
594 1245 684 1292 sub
701 1247 853 1307 specie
871 1247 1099 1294 Romanae
1117 1249 1319 1295 ecclesiae
1336 1249 1567 1303 tutandae,
1582 1249 1642 1294 ad
1656 1243 1796 1295 arma
1804 1254 1968 1294 contra
1986 1248 2195 1296 Francos

403 1343 631 1402 capienda
644 1345 903 1399 stimulare,
918 1346 1011 1392 rati
1026 1360 1215 1391 omnem
1228 1346 1339 1392 belli
1357 1347 1456 1392 vim
1470 1362 1525 1392 eo
1538 1352 1677 1407 pacto
1691 1347 1742 1393 in
1758 1346 1963 1393 Galliam
1979 1362 2037 1393 ex
2054 1341 2195 1393 Italia

404 1441 795 1489 transferendam.
829 1442 1004 1490 Edicto
1020 1443 1151 1490 haud
1168 1445 1322 1491 multo
1338 1450 1449 1505 post
1467 1444 1664 1491 Henrici
1688 1445 1814 1507 regis
1830 1443 2195 1507 Anglorumque

403 1541 679 1599 primatum,
720 1542 907 1588 decreto
941 1542 1139 1588 Francis
1174 1542 1311 1596 bello,
1351 1542 1620 1589 Lodovicus
1655 1545 1836 1606 legatos
1870 1544 1931 1589 ad
1964 1543 1996 1589 J
1998 1544 2194 1590 acobum

403 1637 642 1690 Quartum
659 1639 825 1692 mittit,
848 1644 1038 1685 oratum
1057 1645 1113 1686 ut
1126 1640 1361 1686 auxilium
1379 1641 1440 1686 ad
1458 1640 1634 1686 bellum
1644 1642 1748 1703 Jam
1771 1642 2023 1688 imminens
2048 1644 2195 1697 daret,

404 1741 570 1782 contra
604 1735 807 1799 Anglos,
841 1743 1050 1784 veterem
1086 1743 1230 1798 atque
1266 1753 1566 1785 communem
1601 1738 1803 1794 hostem,
1836 1735 2022 1800 caperet
2050 1756 2196 1795 arma,

404 1840 594 1881 vetusto
616 1850 676 1880 ex
697 1807 887 1890 foedere,
910 1841 984 1882 tot
1006 1837 1195 1891 saecula,
1209 1837 1461 1898 utriusque
1477 1838 1642 1898 populi
1665 1852 1808 1898 opera
1830 1843 1878 1884 et
1900 1840 2196 1894 auctoritate,

402 1933 735 1993 comprobat03
770 1940 919 1989 ratus,
952 1934 1036 1981 ubi
1070 1936 1120 1981 id
1152 1934 1321 1982 fuisset
1353 1941 1610 1990 assecutus,
1659 1935 1857 1982 Henrici
1898 1937 1994 1982 vim
2037 1935 2196 1999 (quem

404 2031 588 2092 ingenti
621 2046 730 2077 cum
765 2033 974 2079 exercitu
1008 2033 1060 2078 in
1084 2031 1288 2079 Galliam
1319 2034 1592 2094 propediem
1615 2033 1942 2096 trajecturum,
1965 2034 2197 2082 habuerat

403 2143 491 2189 pro
521 2128 780 2192 comperto)
815 2130 1001 2178 facilius
1035 2133 1299 2178 arcendam.
1368 2132 1663 2179 Francorum
1686 2133 1866 2195 legatos
1889 2131 1923 2178 J
1923 2133 2094 2180 acobus
2119 2149 2198 2180 ve-

404 2228 588 2275 nientes
611 2229 761 2291 regali
784 2235 1019 2290 apparatu
1041 2230 1234 2291 accepit,
1257 2231 1444 2277 audivit
1473 2230 1705 2293 benigne3
1738 2231 1863 2277 facto
1885 2232 1996 2278 inde
2021 2234 2197 2292 primo-

402 2340 512 2372 rum
535 2333 720 2382 senatu,
745 2327 1070 2390 Lodovicique
1092 2330 1345 2390 postulatis
1367 2329 1554 2390 publice
1577 2330 1767 2384 auditis,
1801 2330 1979 2390 placuit
2001 2331 2196 2391 quibus-

389 2409 726 2488 'dammlegatos
762 2427 891 2474 mitti
926 2429 987 2473 ad
1022 2427 1300 2483 Henricum,
1324 2429 1408 2490 qui
1441 2430 1485 2475 ei
1520 2428 1859 2475 denunciarent
1892 2440 1949 2475 ut
1982 2445 2012 2475 a
2046 2428 2194 2476 Gallis

401 2524 539 2570 sociis
573 2526 797 2586 omnique
831 2526 960 2573 illius
989 2528 1147 2589 gentis
1180 2527 1361 2590 injuria
1400 2526 1658 2574 abstineret
1677 2541 1690 2583 ;
1726 2528 1854 2588 quod
1892 2528 1932 2574 si
1973 2530 2194 2588 consequi
2226 2543 2229 2546 *

402 2635 499 2666 non
516 2629 723 2681 possent,
741 2623 916 2687 Anglis
940 2625 1117 2672 bellum
1140 2627 1403 2672 indicerent
1426 2641 1485 2672 ex
1506 2625 1683 2672 foedere
1702 2638 1714 2671 z
1738 2626 1833 2681 alii,
1851 2641 2056 2686 quorum
2079 2642 2195 2687 prae-

403 2719 569 2778 cipuus
593 2719 880 2768 Wilhelmus
905 2730 1068 2770 noster
1089 2725 1351 2785 episcopus,
1386 2725 1496 2771 belli
1519 2725 1817 2771 incommoda
1839 2725 2093 2785 aliquando
2117 2741 2195 2771 ex-

397 2819 536 2878 perti,
559 2833 779 2866 censuere
796 2835 893 2867 non
910 2822 1086 2868 temere
1104 2824 1388 2869 movendam
1410 2838 1512 2869 rem
1535 2829 1720 2869 tantam
1741 2837 1754 2878 ;
1788 2838 1906 2883 opus
1929 2824 1979 2869 in
2003 2839 2055 2868 re
2078 2824 2193 2869 adeo

398 2918 536 2977 gravi
570 2919 700 2964 haud
733 2925 987 2979 properata
1019 2920 1379 2973 consultatione,
1412 2934 1472 2965 ne
1509 2920 1762 2974 Henricus,
1793 2936 1879 2966 rex
1912 2921 2192 2974 adolescens,

401 3017 610 3073 paternis
628 3016 796 3077 opibus
817 3015 944 3077 (quae
963 3018 1187 3063 maximae
1205 3018 1359 3079 erant)
1381 3019 1642 3072 exundans,
1665 3024 1713 3064 et
1735 3019 1999 3078 populisad
2019 3019 2212 3065 bellum.

397 3116 641 3173 propensis
677 3122 724 3163 et
757 3117 930 3176 quietis
971 3116 1328 3177 impatientibus
1373 3116 1665 3177 imperitans,
1712 3117 1884 3178 quibus
1919 3119 2062 3179 longa
2089 3119 2193 3179 jam
