2944 3906
2178 340 2201 358 ιδ

980 463 1437 512 EPISCOPORUM
1466 465 1642 507 VITAE.
2179 471 2205 508 9

414 614 667 661 centesimo
683 612 1062 673 quadragesimo.
1136 610 1402 672 Episcopus
1425 613 1618 660 effectus
1640 615 1909 676 religiosam
1932 616 2082 665 vitam
2103 631 2201 663 non
2223 616 2283 663 A.
2300 617 2360 662 D.
2388 620 2528 664 1240.

414 714 561 766 exuit,
584 712 667 763 sed
689 709 848 757 induit
871 693 1136 765 arctiorem,
1159 726 1215 757 ea
1237 717 1367 758 veste
1390 717 1475 758 aut
1497 717 1622 758 certe
1645 713 1802 759 viliori
1819 729 1915 773 qua
1937 720 2075 761 antea
2097 730 2206 762 con-

413 817 590 864 tentuS‚
620 803 802 871 *majori
841 810 982 871 longe
1021 809 1113 856 cibi
1152 811 1443 870 parsimonia
1462 824 1474 856 ι
1513 811 1696 858 labores
1730 811 1876 859 subiit
1916 813 2204 869 innumeros,

412 908 650 955 dioecesim
680 908 822 968 pedes
853 909 1100 955 lustrando
1130 924 1191 955 ne
1221 910 1388 972 religio
1411 911 1488 956 vel
1515 911 1567 956 in
1589 910 1789 957 minimo
1811 910 2203 967 labefactaretur3

410 1008 682 1069 intelligens
706 1008 782 1053 vir
804 1013 995 1054 sanctus
1014 1008 1286 1068 episcopum
1302 1008 1470 1055 debere
1484 1010 1585 1055 vita
1610 1024 1709 1055 esse
1731 1010 2204 1070 irreprehensibilem,
2295 1059 2298 1063 ,

410 1107 493 1167 qui
512 1107 623 1168 jure
646 1121 848 1167 praeesse
879 1113 1053 1167 posset,
1087 1113 1143 1155 ut
1177 1108 1420 1168 prodesset
1451 1123 1549 1154 non
1578 1109 1732 1154 solum
1763 1109 1853 1154 sibi
1888 1111 1970 1156 sed
2003 1116 2051 1156 et
2085 1111 2203 1157 aliis.

410 1206 626 1253 Tandem
651 1206 846 1258 obtento
880 1207 1009 1267 apud
1030 1222 1191 1270 regem
1226 1212 1282 1254 ut
1314 1221 1510 1253 nemora
1538 1222 1626 1253 sua
1654 1207 1714 1252 de
1738 1206 1860 1255 Bras
1885 1213 1932 1254 et
1955 1207 2202 1254 Feterneir

409 1321 518 1355 cum
547 1307 676 1369 agris
699 1322 728 1353 a
751 1312 1033 1359 venatorum
1060 1307 1239 1369 injuria
1269 1312 1425 1352 essent
1454 1307 1689 1353 immunia
1719 1304 1882 1367 (quam
1908 1306 2106 1353 liberam
2134 1306 2203 1353 fo·-

387 1441 390 1445 .
409 1413 584 1457 raetam
609 1408 754 1468 vulgo
779 1407 999 1468 dicimus)
1024 1421 1150 1453 anno
1173 1411 1340 1452 octavo
1362 1411 1471 1466 post
1497 1406 1672 1453 initum
1695 1420 1870 1452 munus
1893 1406 2203 1466 pontificium,

408 1507 533 1554 diem
558 1506 678 1554 obiit
700 1512 979 1559 extremam,
1003 1504 1267 1552 Alexandri
1299 1505 1492 1550 secundi
1515 1519 1640 1550 anno
1663 1505 1914 1551 tricesimo.

475 1704 535 1751 In
551 1706 699 1767 hujus
716 1705 952 1766 pontificis
970 1705 1127 1750 locum
1145 1703 1421 1750 clericorum
1444 1702 1683 1764 suffragiis
1702 1702 1918 1762 pervenit
1937 1701 2204 1748 PETRUS

406 1805 500 1852 DE
533 1805 882 1860 RAMSAYO,
914 1805 1044 1851 omni
1076 1803 1431 1863 disciplinarum
1455 1816 1627 1864 genere
1653 1801 1882 1848 eruditus.
1951 1800 2061 1855 Qui,
2084 1801 2205 1847 inito

406 1904 701 1966 pontificatu,
737 1905 901 1950 divino
926 1904 1076 1951 cultui
1098 1903 1311 1949 intentus
1335 1915 1481 1947 sacrae
1504 1899 1856 1947 Aberdonensis
1883 1900 2023 1954 sedis,
2054 1901 2206 1946 trede-

407 2005 500 2052 cim
522 2005 758 2067 regularis
783 2005 898 2051 vitae
922 2004 1038 2051 viris
1073 1999 1339 2061 (canonicos
1362 2001 1554 2062 vocant)
1589 2014 1708 2061 quos
1740 1999 1800 2046 ab
1822 1998 2051 2046 Eduardo
2084 1999 2207 2059 epis.-

409 2118 526 2164 copo
547 2104 687 2164 quasi
719 2103 980 2151 confratres
1011 2103 1073 2151 ad
1103 2102 1269 2148 divina
1299 2100 1574 2161 exequenda
1602 2099 1863 2153 institutos,
1894 2098 1987 2145 alio
2004 2093 2070 2144 *in
2098 2099 2202 2150 loco

408 2203 798 2265 significavimus,
831 2202 1166 2249 ecclesiasticos
1189 2215 1299 2247 suos
1322 2200 1536 2246 redditus
1570 2204 1642 2245 est
1675 2198 1895 2258 partitus,
1930 2197 2041 2243 solis
2075 2197 2203 2259 agris

410 2318 519 2351 cum
546 2303 739 2363 praediis
771 2303 833 2348 ad
862 2306 1082 2361 sumptus
1118 2299 1208 2346 sibi
1239 2299 1468 2352 retentis3
1504 2302 1639 2345 ratus
1670 2311 1726 2343 eo
1760 2296 1901 2342 modo
1935 2296 2205 2344 consultum

407 2404 469 2450 iri
491 2403 739 2465 religionis
763 2406 1034 2464 augmento.
1103 2399 1273 2446 Sanxit
1305 2404 1353 2444 et
1390 2395 1724 2458 (applaudente
1747 2395 1888 2456 clero)
1920 2399 1976 2443 ut
2007 2394 2207 2453 templo·-

409 2517 520 2550 rum
541 2503 806 2550 sacerdotes
825 2502 892 2548 ad
916 2499 1180 2562 pontificios
1203 2502 1438 2558 sumptus,
1469 2496 1521 2542 in
1551 2510 1699 2542 annos
1722 2494 1934 2556 singulos
1956 2492 2205 2552 pecuniam

409 2604 683 2664 penderent.
752 2603 835 2651 Ad
856 2602 1010 2649 divini
1034 2601 1176 2648 etiam
1201 2600 1357 2645 cultus
1388 2600 1699 2659 augmentum
1723 2594 1879 2640 varias
1903 2592 2052 2641 edidit
2074 2606 2205 2638 sanc-

405 2704 572 2750 tiones
627 2702 748 2749 Haec
770 2708 818 2749 et
839 2703 994 2749 multa
1018 2701 1114 2748 alia
1139 2699 1224 2746 ubi
1254 2697 1512 2760 peregisset
1535 2710 1645 2757 quae
1667 2694 1728 2741 ad
1751 2693 1985 2754 optimum
2006 2690 2195 2752 pontifi-

403 2817 504 2850 cem
538 2801 855 2862 pertinebant,
888 2800 1025 2847 fatali
1056 2799 1334 2847 necessitate
1369 2795 1584 2843 sublatus
1618 2799 1704 2848 est,
1737 2797 1994 2853 *postquam
2033 2790 2190 2836 decem

402 2903 587 2948 sederat
609 2916 773 2955 annos,
796 2899 1062 2947 Alexandri
1091 2898 1222 2945 tertii
1251 2911 1377 2943 anno
1399 2895 1583 2954 quinto.
1654 2891 1798 2939 Hunc
1819 2890 2061 2952 privatum
2089 2901 2191 2934 mo-
2211 2884 2274 2932 A.
2289 2885 2349 2931 D.
2377 2887 2516 2931 1254.

401 3001 608 3049 nachum
630 3000 1066 3048 Aberbrothensem
1088 2997 1236 3045 fuisse
1258 2997 1544 3042 asseverant.

1279 3106 1311 3140 Β
