2944 3906
1055 499 1510 545 EPISCOPORUM
1539 503 1714 546 VITAE.
2228 504 2285 543 45

491 650 716 702 excultor,
761 647 1020 693 calumnias
1062 648 1355 710 litigantium
1398 664 1627 703 coercens,
1673 649 1905 695 bonorum
1951 650 2283 705 extortoribus,

487 746 647 810 legum
670 744 1032 801 contortoribus,
1055 763 1303 808 nunquam
1326 763 1521 810 parcens
1542 763 1555 805 3
1598 749 1821 810 adagium
1846 750 1964 794 illud
1986 749 2280 810 frequentius

466 843 663 894 habens
699 847 750 892 in
774 843 879 901 ore,
911 847 1061 894 Bonis
1093 849 1355 909 nocet,'qui
1388 851 1526 896 malis
1562 850 1731 910 parcit.'
1798 848 1904 907 Hoc
1938 856 2075 909 pacto
2110 850 2280 896 funda-

482 951 644 992 menta
659 947 777 1008 jecit
809 945 984 993 futurae
1011 949 1374 1010 magnitudinis.
1444 949 1535 994 Sed
1570 951 1666 995 nou
1700 950 1858 1010 potuit
1893 955 2082 995 tantum
2117 951 2277 995 lumen

483 1045 572 1091 sub
607 1041 766 1091 modio
789 1042 1043 1100 abScondi3
1079 1061 1178 1092 non
1210 1047 1368 1106 potuit
1390 1047 1519 1093 intra
1547 1049 1702 1092 solum
1727 1047 2068 1109 Glasguensem
2102 1063 2275 1109 agrum

478 1147 708 1192 contineri
728 1159 739 1190 ε
765 1150 803 1191 'a
824 1142 939 1208 rege
958 1145 990 1190 J
992 1145 1135 1191 acobo
1158 1146 1387 1207 regnique
1414 1145 1702 1206 primoribus
1726 1145 2067 1207 Edinburgum
2090 1152 2162 1192 est
2185 1161 2267 1192 vo-

481 1252 629 1299 catuS,
648 1240 711 1291 ¹ut
732 1246 784 1291 in
799 1240 946 1291 'rebus
970 1246 1266 1291 arduissimis
1292 1246 1394 1307 ejus
1418 1246 1605 1291 decreto
1623 1247 1872 1291 uterentur
1894 1258 1905 1290 :
1934 1244 2016 1290 ubi
2040 1250 2087 1290 et
2113 1244 2273 1290 Sancti

478 1342 683 1390 Andreae
706 1343 1007 1389 officialatum
1041 1342 1240 1390 feliciter
1273 1344 1384 1407 egit.
1456 1343 1603 1390 Haud
1632 1346 1785 1390 multo
1813 1350 1921 1403 post
1952 1344 2078 1390 inter
2112 1346 2268 1405 regios

475 1443 765 1489 consiliarios
799 1444 991 1497 relatus,
1022 1444 1144 1503 aequi
1178 1458 1232 1489 ac
1265 1443 1402 1504 probi
1437 1449 1653 1504 respectu
1686 1444 1907 1505 religiosa
1941 1444 2269 1490 observatione

473 1556 659 1601 semper
682 1547 754 1587 est
771 1546 987 1586 versatus
1008 1557 1018 1586 ε
1042 1541 1165 1586 nihil
1184 1541 1275 1587 sibi
1292 1542 1514 1603 judicans
1537 1543 1655 1588 utile
1678 1544 1806 1602 quod
1822 1528 1991 1602 parum
2014 1542 2267 1589 honestum

472 1639 694 1698 cuiquam
712 1639 824 1700 jure
848 1639 1001 1684 videri
1024 1643 1225 1699 poterat.
1287 1639 1416 1686 Hinc
1440 1639 1689 1686 Wilhelmi
1713 1656 1885 1686 nomen
1909 1642 2171 1701 percelebre
2195 1646 2276 1689 est*

474 1734 705 1783 habitum.
729 1787 732 1789 Α
755 1737 884 1783 Hinc
906 1736 1193 1784 Wilhelmus
1217 1739 1438 1784 maXimis
1463 1739 1521 1784 de
1543 1739 1683 1785 rebus
1707 1739 2020 1785 deliberandis
2045 1740 2266 1800 frequen-

469 1836 565 1881 tius
597 1837 862 1882 accersitus.
934 1836 1062 1882 Hinc
1085 1838 1187 1899 ejus
1212 1838 1399 1883 decreta
1422 1838 1643 1884 omnibus
1665 1838 1879 1897 probata.
1915 1860 1917 1862 ·
1951 1837 2033 1885 Ad
2055 1839 2264 1886 feliciora

468 1935 767 1981 trahentibus
803 1950 910 1981 eum
945 1935 1073 1990 fatis,
1109 1935 1348 1996 profectus
1384 1952 1483 1982 una
1522 1951 1631 1982 cum
1666 1936 1993 1983 Dunkeldensi
2029 1939 2260 1999 episcopo,

469 2034 768 2095 Buquhaniae
791 2036 976 2090 comite,
1010 2041 1059 2082 et
1093 2036 1229 2098 regni
1255 2033 1329 2094 (ut
1351 2037 1420 2082 ita
1451 2037 1655 2097 dicatur)
1685 2036 1962 2097 justitiario,
1991 2042 2150 2082 orator
2178 2035 2212 2081 J
2212 2052 2261 2082 a-

467 2134 569 2180 cobi
595 2134 748 2180 Tertii
771 2136 832 2180 ad
857 2134 1152 2181 Lodovicum
1179 2135 1512 2189 Undecimum,
1536 2135 1830 2181 Francorum
1853 2151 2031 2197 regem,
2054 2137 2259 2182 delendae

467 2234 745 2293 suspicionis
769 2248 924 2287 causa,
949 2234 1313 2294 apparentisque
1336 2234 1520 2279 dissidii
1543 2235 1668 2280 inter
1685 2235 1992 2295 reges'oborti
2011 2237 2258 2281 scelerato-

464 2347 573 2377 rum
596 2337 739 2392 atque
762 2333 1194 2392 impurissimorum
1218 2333 1518 2393 quorundam
1540 2334 1763 2393 impulsu,
1786 2347 1883 2378 non
1906 2334 2081 2393 sopivit
2100 2334 2254 2379 solum

464 2446 569 2476 eam
592 2446 646 2477 ac
669 2432 855 2491 pressit,
881 2433 963 2477 sed
986 2432 1339 2494 elegantissima
1361 2432 1587 2486 oratione,
1611 2447 1755 2492 quam
1777 2447 1888 2493 rege
1911 2447 2068 2477 coram
2085 2432 2254 2478 habuit

462 2530 513 2574 in
537 2529 830 2576 Francorum
854 2536 1041 2585 senatu,
1067 2532 1328 2577 summovit
1349 2531 1539 2591 penitus
1564 2536 1706 2592 atque
1729 2531 1947 2577 extinxit.
1975 2592 1980 2595 Ι
1999 2530 2107 2584 Qua
2128 2531 2178 2576 in
2202 2546 2252 2576 re

462 2626 702 2674 Lodovoci
720 2634 903 2676 tantam
922 2636 994 2676 est
1006 2630 1382 2676 benevolentiam
1404 2635 1658 2684 assecutus,
1675 2636 1732 2676 ut
1755 2645 1864 2676 eum
1878 2631 2003 2676 inter
2019 2644 2128 2676 suos
2144 2644 2251 2676 con-

460 2726 662 2772 siliarios
685 2724 926 2773 numerari
943 2729 1168 2790 juberet.'
1214 2729 1456 2776 Orationis
1480 2744 1576 2775 non
1599 2730 1881 2775 sententiam
1906 2730 2073 2783 solum,
2097 2729 2179 2775 sed
2202 2734 2248 2774 et

464 2826 617 2879 verba,
652 2841 711 2871 ne
740 2826 857 2886 quid
880 2827 1105 2882 varietur,
1138 2829 1295 2874 visum
1319 2833 1390 2873 est
1423 2827 1612 2882 referre,
1635 2834 1692 2874 ut
1725 2834 1957 2894 quantum
1994 2827 2247 2887 prudentia

395 2967 403 2974 ,
457 2925 677 2984 pollebat,
710 2930 1037 2985 quantumque
1059 2925 1247 2971 valebat
1270 2926 1552 2985 eloquentia,
1575 2927 1859 2988 dignoscant,
1886 2926 2097 2986 quieam
2117 2927 2252 2987 ‚lege-

459 3024 572 3069 rint.
641 3024 769 3070 Dato
793 3024 1087 3071 Francorum
1123 3029 1306 3078 senatu,
1333 3022 1686 3084 Wilhelmoque
1721 3025 1904 3070 dicendi
1937 3023 2070 3095 facta
2090 3029 2245 3084 potes-¹

457 3126 571 3176 tate,
621 3100 827 3177 Vellem'
855 3120 1049 3186 (inquit)
1093 3123 1495 3170 christianissime
1539 3124 1792 3193 princeps,
1817 3123 2110 3171 Francorum
2156 3138 2249 3180 rex>
