<?xml version="1.0" encoding="UTF-8"?>
<!DOCTYPE html PUBLIC "-//W3C//DTD XHTML 1.0 Transitional//EN"
    "http://www.w3.org/TR/xhtml1/DTD/xhtml1-transitional.dtd">
<html xmlns="http://www.w3.org/1999/xhtml" xml:lang="en" lang="en">
 <head>
  <title>
</title>
<meta http-equiv="Content-Type" content="text/html;charset=utf-8" />
  <meta name='ocr-system' content='tesseract 3.04.00' />
  <meta name='ocr-capabilities' content='ocr_page ocr_carea ocr_par ocr_line ocrx_word'/>
</head>
<body>
  <div class='ocr_page' id='page_1' title='image "./hectorisboetiimu00boecuoft_0075.png"; bbox 0 0 2944 3906; ppageno 0'>
   <div class='ocr_carea' id='block_1_1' title="bbox 962 471 2193 515">
    <p class='ocr_par' dir='ltr' id='par_1_1' title="bbox 962 471 2193 515">
     <span class='ocr_line' id='line_1_1' title="bbox 962 471 2193 515; baseline -0.001 -2"><span class='ocrx_word' id='word_1_1' title='bbox 962 471 1420 515; x_wconf 86' lang='lat' dir='ltr'>EPISCOPORUM</span> <span class='ocrx_word' id='word_1_2' title='bbox 1451 471 1628 514; x_wconf 86' lang='lat' dir='ltr'><strong>VITAE.</strong></span> <span class='ocrx_word' id='word_1_3' title='bbox 1839 496 1841 502; x_wconf 94' lang='lat'>·</span> <span class='ocrx_word' id='word_1_4' title='bbox 2142 474 2193 512; x_wconf 89' lang='grc'><strong>61</strong></span> 
     </span>
    </p>
   </div>
   <div class='ocr_carea' id='block_1_2' title="bbox 394 596 2237 3047">
    <p class='ocr_par' dir='ltr' id='par_1_2' title="bbox 394 596 2237 3047">
     <span class='ocr_line' id='line_1_2' title="bbox 398 596 2196 679; baseline -0.002 -12"><span class='ocrx_word' id='word_1_5' title='bbox 398 636 494 667; x_wconf 91' lang='lat' dir='ltr'><strong>non</strong></span> <span class='ocrx_word' id='word_1_6' title='bbox 533 627 632 667; x_wconf 84' lang='lat' dir='ltr'><strong>tam</strong></span> <span class='ocrx_word' id='word_1_7' title='bbox 670 620 730 666; x_wconf 93' lang='lat' dir='ltr'><strong>ob</strong></span> <span class='ocrx_word' id='word_1_8' title='bbox 769 620 1032 664; x_wconf 85' lang='lat' dir='ltr'><strong>doctrinam</strong></span> <span class='ocrx_word' id='word_1_9' title='bbox 1074 634 1217 679; x_wconf 91' lang='lat' dir='ltr'><strong>quam</strong></span> <span class='ocrx_word' id='word_1_10' title='bbox 1258 596 1562 679; x_wconf 83' lang='lat' dir='ltr'><strong>prudentiam</strong></span> <span class='ocrx_word' id='word_1_11' title='bbox 1604 620 1824 665; x_wconf 90' lang='lat' dir='ltr'><strong>laudatus</strong></span> <span class='ocrx_word' id='word_1_12' title='bbox 1866 620 2196 679; x_wconf 87' lang='lat' dir='ltr'><strong>undequaque,</strong></span> 
     </span>
     <span class='ocr_line' id='line_1_3' title="bbox 398 716 2197 781; baseline -0.001 -15"><span class='ocrx_word' id='word_1_13' title='bbox 398 726 562 781; x_wconf 87' lang='lat' dir='ltr'><strong>postea</strong></span> <span class='ocrx_word' id='word_1_14' title='bbox 583 719 616 764; x_wconf 86' lang='lat' dir='ltr'><strong>J</strong></span> <span class='ocrx_word' id='word_1_15' title='bbox 616 717 759 765; x_wconf 86' lang='lat' dir='ltr'><strong>acobo</strong></span> <span class='ocrx_word' id='word_1_16' title='bbox 777 716 961 770; x_wconf 87' lang='lat' dir='ltr'><strong>Quarto</strong></span> <span class='ocrx_word' id='word_1_17' title='bbox 984 718 1280 765; x_wconf 83' lang='lat' dir='ltr'><strong>consiliarius</strong></span> <span class='ocrx_word' id='word_1_18' title='bbox 1299 724 1442 778; x_wconf 89' lang='lat' dir='ltr'><strong>atque</strong></span> <span class='ocrx_word' id='word_1_19' title='bbox 1462 734 1491 764; x_wconf 92' lang='lat' dir='ltr'><strong>a</strong></span> <span class='ocrx_word' id='word_1_20' title='bbox 1513 718 1703 764; x_wconf 88' lang='lat' dir='ltr'><strong>secretis</strong></span> <span class='ocrx_word' id='word_1_21' title='bbox 1722 718 1995 779; x_wconf 88' lang='lat' dir='ltr'><strong>designatus</strong></span> <span class='ocrx_word' id='word_1_22' title='bbox 2012 733 2025 773; x_wconf 81' lang='lat'><em>3</em></span> <span class='ocrx_word' id='word_1_23' title='bbox 2051 718 2197 764; x_wconf 86' lang='lat' dir='ltr'><strong>Gual-</strong></span> 
     </span>
     <span class='ocr_line' id='line_1_4' title="bbox 399 816 2195 879; baseline -0.002 -14"><span class='ocrx_word' id='word_1_24' title='bbox 399 825 528 866; x_wconf 90' lang='lat' dir='ltr'><strong>terus</strong></span> <span class='ocrx_word' id='word_1_25' title='bbox 547 817 783 879; x_wconf 80' lang='lat' dir='ltr'><strong>OgilviuS‚</strong></span> <span class='ocrx_word' id='word_1_26' title='bbox 803 817 1034 878; x_wconf 86' lang='lat' dir='ltr'><strong>singulari</strong></span> <span class='ocrx_word' id='word_1_27' title='bbox 1052 817 1297 863; x_wconf 88' lang='lat' dir='ltr'><strong>exundans</strong></span> <span class='ocrx_word' id='word_1_28' title='bbox 1316 818 1598 878; x_wconf 85' lang='lat' dir='ltr'><strong>eloquentia,</strong></span> <span class='ocrx_word' id='word_1_29' title='bbox 1622 817 1738 863; x_wconf 89' lang='lat' dir='ltr'><strong>adeo</strong></span> <span class='ocrx_word' id='word_1_30' title='bbox 1755 822 1812 862; x_wconf 91' lang='lat' dir='ltr'><strong>ut</strong></span> <span class='ocrx_word' id='word_1_31' title='bbox 1828 816 2071 862; x_wconf 90' lang='lat' dir='ltr'><strong>hominem</strong></span> <span class='ocrx_word' id='word_1_32' title='bbox 2089 831 2195 862; x_wconf 88' lang='lat' dir='ltr'><strong>ver-</strong></span> 
     </span>
     <span class='ocr_line' id='line_1_5' title="bbox 397 915 2194 975; baseline -0.001 -11"><span class='ocrx_word' id='word_1_33' title='bbox 397 918 566 964; x_wconf 91' lang='lat' dir='ltr'><strong>borum</strong></span> <span class='ocrx_word' id='word_1_34' title='bbox 589 915 738 975; x_wconf 90' lang='lat' dir='ltr'><strong>copia,</strong></span> <span class='ocrx_word' id='word_1_35' title='bbox 770 916 1001 962; x_wconf 90' lang='lat' dir='ltr'><strong>sermonis</strong></span> <span class='ocrx_word' id='word_1_36' title='bbox 1025 921 1290 970; x_wconf 85' lang='lat' dir='ltr'><strong>venustate,</strong></span> <span class='ocrx_word' id='word_1_37' title='bbox 1312 915 1529 962; x_wconf 87' lang='lat' dir='ltr'><strong>ubertate</strong></span> <span class='ocrx_word' id='word_1_38' title='bbox 1552 916 1910 968; x_wconf 91' lang='lat' dir='ltr'><strong>sententiarum,</strong></span> <span class='ocrx_word' id='word_1_39' title='bbox 1934 930 2031 961; x_wconf 91' lang='lat' dir='ltr'><strong>non</strong></span> <span class='ocrx_word' id='word_1_40' title='bbox 2054 917 2194 962; x_wconf 92' lang='lat' dir='ltr'><strong>modo</strong></span> 
     </span>
     <span class='ocr_line' id='line_1_6' title="bbox 397 1009 2192 1076; baseline -0.001 -15"><span class='ocrx_word' id='word_1_41' title='bbox 397 1015 639 1067; x_wconf 84' lang='lat' dir='ltr'><strong>delectare,</strong></span> <span class='ocrx_word' id='word_1_42' title='bbox 663 1014 745 1058; x_wconf 88' lang='lat' dir='ltr'><strong>sed</strong></span> <span class='ocrx_word' id='word_1_43' title='bbox 769 1009 930 1071; x_wconf 45' lang='lat' dir='ltr'><strong>(ut‘ita</strong></span> <span class='ocrx_word' id='word_1_44' title='bbox 952 1014 1125 1076; x_wconf 89' lang='lat' dir='ltr'><strong>dicam)</strong></span> <span class='ocrx_word' id='word_1_45' title='bbox 1149 1015 1368 1060; x_wconf 88' lang='lat' dir='ltr'><strong>lascivire</strong></span> <span class='ocrx_word' id='word_1_46' title='bbox 1391 1020 1440 1060; x_wconf 93' lang='lat' dir='ltr'><strong>et</strong></span> <span class='ocrx_word' id='word_1_47' title='bbox 1462 1015 1706 1060; x_wconf 88' lang='lat' dir='ltr'><strong>luxuriare</strong></span> <span class='ocrx_word' id='word_1_48' title='bbox 1723 1015 1899 1059; x_wconf 92' lang='lat' dir='ltr'><strong>diceres</strong></span> <span class='ocrx_word' id='word_1_49' title='bbox 1920 1027 1933 1068; x_wconf 89' lang='grc'><strong>;</strong></span> <span class='ocrx_word' id='word_1_50' title='bbox 1960 1013 2192 1076; x_wconf 88' lang='lat' dir='ltr'><strong>Georgius</strong></span> 
     </span>
     <span class='ocr_line' id='line_1_7' title="bbox 396 1098 2196 1172; baseline -0.001 -14"><span class='ocrx_word' id='word_1_51' title='bbox 396 1113 612 1167; x_wconf 88' lang='lat' dir='ltr'><strong>Dundas,</strong></span> <span class='ocrx_word' id='word_1_52' title='bbox 631 1111 822 1158; x_wconf 87' lang='lat' dir='ltr'><strong>Graecas</strong></span> <span class='ocrx_word' id='word_1_53' title='bbox 846 1117 989 1172; x_wconf 86' lang='lat' dir='ltr'><strong>atque</strong></span> <span class='ocrx_word' id='word_1_54' title='bbox 1007 1111 1207 1158; x_wconf 89' lang='lat' dir='ltr'><strong>Latinas</strong></span> <span class='ocrx_word' id='word_1_55' title='bbox 1226 1113 1388 1158; x_wconf 89' lang='lat' dir='ltr'><strong>literas</strong></span> <span class='ocrx_word' id='word_1_56' title='bbox 1407 1113 1620 1172; x_wconf 90' lang='lat' dir='ltr'><strong>apprime</strong></span> <span class='ocrx_word' id='word_1_57' title='bbox 1644 1113 1824 1166; x_wconf 90' lang='lat' dir='ltr'><strong>doctus,</strong></span> <span class='ocrx_word' id='word_1_58' title='bbox 1849 1114 2063 1172; x_wconf 86' lang='lat' dir='ltr'><strong>equitum</strong></span> <span class='ocrx_word' id='word_1_59' title='bbox 2081 1098 2196 1158; x_wconf 89' lang='lat' dir='ltr'><strong>Hie-</strong></span> 
     </span>
     <span class='ocr_line' id='line_1_8' title="bbox 394 1191 2193 1274; baseline -0.002 -14"><span class='ocrx_word' id='word_1_60' title='bbox 394 1214 846 1274; x_wconf 90' lang='lat' dir='ltr'><strong>rosolymitanorum</strong></span> <span class='ocrx_word' id='word_1_61' title='bbox 864 1213 993 1258; x_wconf 90' lang='lat' dir='ltr'><strong>intra</strong></span> <span class='ocrx_word' id='word_1_62' title='bbox 1012 1211 1262 1258; x_wconf 87' lang='lat' dir='ltr'><strong>Scotorum</strong></span> <span class='ocrx_word' id='word_1_63' title='bbox 1279 1227 1483 1274; x_wconf 91' lang='lat' dir='ltr'><strong>regnum</strong></span> <span class='ocrx_word' id='word_1_64' title='bbox 1500 1212 1836 1273; x_wconf 88' lang='lat' dir='ltr'><strong>magistratum</strong></span> <span class='ocrx_word' id='word_1_65' title='bbox 1851 1212 2003 1256; x_wconf 92' lang='lat' dir='ltr'><strong>multo</strong></span> <span class='ocrx_word' id='word_1_66' title='bbox 2023 1191 2193 1257; x_wconf 82' lang='lat' dir='ltr'><strong>sudore</strong></span> 
     </span>
     <span class='ocr_line' id='line_1_9' title="bbox 397 1309 2196 1371; baseline -0.002 -14"><span class='ocrx_word' id='word_1_67' title='bbox 397 1309 650 1371; x_wconf 88' lang='lat' dir='ltr'><strong>(superatis</strong></span> <span class='ocrx_word' id='word_1_68' title='bbox 675 1311 880 1371; x_wconf 86' lang='lat' dir='ltr'><strong>aemulis)</strong></span> <span class='ocrx_word' id='word_1_69' title='bbox 904 1315 1069 1370; x_wconf 86' lang='lat' dir='ltr'><strong>postea</strong></span> <span class='ocrx_word' id='word_1_70' title='bbox 1105 1311 1304 1370; x_wconf 87' lang='lat' dir='ltr'><strong>adeptus</strong></span> <span class='ocrx_word' id='word_1_71' title='bbox 1325 1324 1338 1365; x_wconf 91' lang='lat'>;</span> <span class='ocrx_word' id='word_1_72' title='bbox 1374 1310 1407 1355; x_wconf 90' lang='lat' dir='ltr'>J</span> <span class='ocrx_word' id='word_1_73' title='bbox 1408 1325 1583 1356; x_wconf 90' lang='lat' dir='ltr'><strong>oannes</strong></span> <span class='ocrx_word' id='word_1_74' title='bbox 1608 1310 1782 1371; x_wconf 88' lang='lat' dir='ltr'><strong>Major,</strong></span> <span class='ocrx_word' id='word_1_75' title='bbox 1817 1310 2066 1371; x_wconf 88' lang='lat' dir='ltr'><strong>theologus</strong></span> <span class='ocrx_word' id='word_1_76' title='bbox 2091 1324 2196 1355; x_wconf 89' lang='lat' dir='ltr'><strong>eru-</strong></span> 
     </span>
     <span class='ocr_line' id='line_1_10' title="bbox 396 1409 2195 1471; baseline -0.001 -16"><span class='ocrx_word' id='word_1_77' title='bbox 396 1410 674 1463; x_wconf 91' lang='lat' dir='ltr'><strong>ditissimus,</strong></span> <span class='ocrx_word' id='word_1_78' title='bbox 710 1410 847 1471; x_wconf 88' lang='lat' dir='ltr'><strong>cujus</strong></span> <span class='ocrx_word' id='word_1_79' title='bbox 882 1409 1072 1469; x_wconf 88' lang='lat' dir='ltr'><strong>scripta,</strong></span> <span class='ocrx_word' id='word_1_80' title='bbox 1095 1409 1226 1454; x_wconf 90' lang='lat' dir='ltr'><strong>haud</strong></span> <span class='ocrx_word' id='word_1_81' title='bbox 1260 1409 1398 1454; x_wconf 89' lang='lat' dir='ltr'><strong>aliter</strong></span> <span class='ocrx_word' id='word_1_82' title='bbox 1430 1424 1576 1469; x_wconf 92' lang='lat' dir='ltr'><strong>quam</strong></span> <span class='ocrx_word' id='word_1_83' title='bbox 1613 1409 2032 1454; x_wconf 82' lang='lat' dir='ltr'><strong>illuminatissimae</strong></span> <span class='ocrx_word' id='word_1_84' title='bbox 2055 1409 2195 1462; x_wconf 87' lang='lat' dir='ltr'><strong>faces,</strong></span> 
     </span>
     <span class='ocr_line' id='line_1_11' title="bbox 396 1506 2195 1570; baseline -0.001 -17"><span class='ocrx_word' id='word_1_85' title='bbox 396 1523 626 1570; x_wconf 88' lang='lat' dir='ltr'><strong>magnum</strong></span> <span class='ocrx_word' id='word_1_86' title='bbox 650 1508 938 1554; x_wconf 84' lang='lat' dir='ltr'><strong>Christianae</strong></span> <span class='ocrx_word' id='word_1_87' title='bbox 969 1507 1189 1568; x_wconf 86' lang='lat' dir='ltr'><strong>religioni</strong></span> <span class='ocrx_word' id='word_1_88' title='bbox 1219 1509 1421 1553; x_wconf 87' lang='lat' dir='ltr'><strong>attulere</strong></span> <span class='ocrx_word' id='word_1_89' title='bbox 1452 1506 1702 1569; x_wconf 88' lang='lat' dir='ltr'><strong>fulgorem.</strong></span> <span class='ocrx_word' id='word_1_90' title='bbox 1731 1512 1734 1548; x_wconf 82' lang='grc'><strong>’.</strong></span> <span class='ocrx_word' id='word_1_91' title='bbox 1774 1507 1878 1553; x_wconf 92' lang='lat' dir='ltr'><strong>Hos</strong></span> <span class='ocrx_word' id='word_1_92' title='bbox 1903 1508 2031 1553; x_wconf 89' lang='lat' dir='ltr'><strong>viros</strong></span> <span class='ocrx_word' id='word_1_93' title='bbox 2055 1522 2195 1553; x_wconf 91' lang='lat' dir='ltr'><strong>vene-</strong></span> 
     </span>
     <span class='ocr_line' id='line_1_12' title="bbox 395 1605 2197 1660; baseline -0.001 -8"><span class='ocrx_word' id='word_1_94' title='bbox 395 1607 551 1660; x_wconf 89' lang='lat' dir='ltr'><strong>rabor,</strong></span> <span class='ocrx_word' id='word_1_95' title='bbox 582 1608 806 1659; x_wconf 85' lang='lat' dir='ltr'><strong>excolam,</strong></span> <span class='ocrx_word' id='word_1_96' title='bbox 841 1605 1012 1650; x_wconf 89' lang='lat' dir='ltr'><strong>horum</strong></span> <span class='ocrx_word' id='word_1_97' title='bbox 1037 1606 1302 1650; x_wconf 88' lang='lat' dir='ltr'><strong>doctrinam</strong></span> <span class='ocrx_word' id='word_1_98' title='bbox 1333 1605 1574 1651; x_wconf 85' lang='lat' dir='ltr'><strong>mirabor:</strong></span> <span class='ocrx_word' id='word_1_99' title='bbox 1609 1605 1698 1651; x_wconf 92' lang='lat' dir='ltr'><strong>hoc</strong></span> <span class='ocrx_word' id='word_1_100' title='bbox 1729 1606 1848 1651; x_wconf 93' lang='lat' dir='ltr'><strong>mihi</strong></span> <span class='ocrx_word' id='word_1_101' title='bbox 1880 1607 2030 1651; x_wconf 92' lang='lat' dir='ltr'><strong>solum</strong></span> <span class='ocrx_word' id='word_1_102' title='bbox 2064 1606 2197 1651; x_wconf 90' lang='lat' dir='ltr'><strong>relic-</strong></span> 
     </span>
     <span class='ocr_line' id='line_1_13' title="bbox 395 1703 2237 1765; baseline -0.001 -14"><span class='ocrx_word' id='word_1_103' title='bbox 395 1711 515 1759; x_wconf 91' lang='lat' dir='ltr'><strong>tum,</strong></span> <span class='ocrx_word' id='word_1_104' title='bbox 546 1704 636 1751; x_wconf 94' lang='lat' dir='ltr'><strong>hoc</strong></span> <span class='ocrx_word' id='word_1_105' title='bbox 663 1706 814 1750; x_wconf 91' lang='lat' dir='ltr'><strong>solum</strong></span> <span class='ocrx_word' id='word_1_106' title='bbox 841 1703 1042 1758; x_wconf 92' lang='lat' dir='ltr'><strong>obtinui,</strong></span> <span class='ocrx_word' id='word_1_107' title='bbox 1069 1704 1168 1764; x_wconf 93' lang='lat' dir='ltr'><strong>qui,</strong></span> <span class='ocrx_word' id='word_1_108' title='bbox 1200 1704 1413 1765; x_wconf 90' lang='lat' dir='ltr'><strong>ignarus,</strong></span> <span class='ocrx_word' id='word_1_109' title='bbox 1442 1709 1490 1749; x_wconf 90' lang='lat' dir='ltr'><strong>et</strong></span> <span class='ocrx_word' id='word_1_110' title='bbox 1512 1705 1665 1749; x_wconf 88' lang='lat' dir='ltr'><strong>omnis</strong></span> <span class='ocrx_word' id='word_1_111' title='bbox 1689 1719 1808 1763; x_wconf 90' lang='lat' dir='ltr'><strong>pene</strong></span> <span class='ocrx_word' id='word_1_112' title='bbox 1832 1704 2093 1763; x_wconf 87' lang='lat' dir='ltr'><strong>disciplinae</strong></span> <span class='ocrx_word' id='word_1_113' title='bbox 2116 1719 2196 1750; x_wconf 90' lang='lat' dir='ltr'><strong>ex·</strong></span> <span class='ocrx_word' id='word_1_114' title='bbox 2235 1757 2237 1759; x_wconf 16' lang='lat'><strong><em>¹</em></strong></span> 
     </span>
     <span class='ocr_line' id='line_1_14' title="bbox 396 1803 2197 1863; baseline 0 -14"><span class='ocrx_word' id='word_1_115' title='bbox 396 1819 518 1863; x_wconf 90' lang='lat' dir='ltr'><strong>pers,</strong></span> <span class='ocrx_word' id='word_1_116' title='bbox 533 1804 692 1849; x_wconf 86' lang='lat' dir='ltr'><strong>dolore</strong></span> <span class='ocrx_word' id='word_1_117' title='bbox 716 1803 949 1857; x_wconf 90' lang='lat' dir='ltr'><strong>conficior,</strong></span> <span class='ocrx_word' id='word_1_118' title='bbox 977 1803 1106 1863; x_wconf 89' lang='lat' dir='ltr'><strong>quod</strong></span> <span class='ocrx_word' id='word_1_119' title='bbox 1120 1808 1192 1848; x_wconf 92' lang='lat' dir='ltr'><strong>tot</strong></span> <span class='ocrx_word' id='word_1_120' title='bbox 1207 1803 1368 1848; x_wconf 93' lang='lat' dir='ltr'><strong>doctos</strong></span> <span class='ocrx_word' id='word_1_121' title='bbox 1392 1808 1706 1862; x_wconf 80' lang='lat' dir='ltr'><strong>praeceptores</strong></span> <span class='ocrx_word' id='word_1_122' title='bbox 1731 1803 1789 1848; x_wconf 93' lang='lat' dir='ltr'><strong>de</strong></span> <span class='ocrx_word' id='word_1_123' title='bbox 1806 1817 1882 1847; x_wconf 94' lang='lat' dir='ltr'><strong>me</strong></span> <span class='ocrx_word' id='word_1_124' title='bbox 1900 1803 2077 1862; x_wconf 91' lang='lat' dir='ltr'><strong>optime</strong></span> <span class='ocrx_word' id='word_1_125' title='bbox 2100 1818 2197 1849; x_wconf 89' lang='lat' dir='ltr'><strong>me-</strong></span> 
     </span>
     <span class='ocr_line' id='line_1_15' title="bbox 395 1901 2201 1962; baseline 0 -14"><span class='ocrx_word' id='word_1_126' title='bbox 395 1903 528 1956; x_wconf 86' lang='lat' dir='ltr'><strong>ritos,</strong></span> <span class='ocrx_word' id='word_1_127' title='bbox 562 1903 706 1948; x_wconf 91' lang='lat' dir='ltr'><strong>simul</strong></span> <span class='ocrx_word' id='word_1_128' title='bbox 740 1907 882 1962; x_wconf 89' lang='lat' dir='ltr'><strong>atque</strong></span> <span class='ocrx_word' id='word_1_129' title='bbox 922 1901 1241 1947; x_wconf 86' lang='lat' dir='ltr'><strong>Parisiensem</strong></span> <span class='ocrx_word' id='word_1_130' title='bbox 1277 1901 1500 1955; x_wconf 90' lang='lat' dir='ltr'><strong>scholam,</strong></span> <span class='ocrx_word' id='word_1_131' title='bbox 1546 1902 1903 1961; x_wconf 90' lang='lat' dir='ltr'><strong>disciplinarum</strong></span> <span class='ocrx_word' id='word_1_132' title='bbox 1943 1902 2201 1948; x_wconf 86' lang='lat' dir='ltr'><strong>meliorum-</strong></span> 
     </span>
     <span class='ocr_line' id='line_1_16' title="bbox 396 1986 2194 2060; baseline 0.001 -15"><span class='ocrx_word' id='word_1_133' title='bbox 396 2001 608 2046; x_wconf 91' lang='lat' dir='ltr'><strong>omnium</strong></span> <span class='ocrx_word' id='word_1_134' title='bbox 633 2006 893 2060; x_wconf 90' lang='lat' dir='ltr'><strong>parentem,</strong></span> <span class='ocrx_word' id='word_1_135' title='bbox 925 1986 1191 2045; x_wconf 64' lang='lat' dir='ltr'><strong>adoles&#39;cens</strong></span> <span class='ocrx_word' id='word_1_136' title='bbox 1216 2000 1300 2045; x_wconf 88' lang='lat' dir='ltr'><strong>vix</strong></span> <span class='ocrx_word' id='word_1_137' title='bbox 1322 2000 1490 2060; x_wconf 86' lang='lat' dir='ltr'><strong>primis</strong></span> <span class='ocrx_word' id='word_1_138' title='bbox 1523 2001 1770 2046; x_wconf 90' lang='lat' dir='ltr'><strong>literarum</strong></span> <span class='ocrx_word' id='word_1_139' title='bbox 1799 2001 2082 2046; x_wconf 89' lang='lat' dir='ltr'><strong>rudimentis</strong></span> <span class='ocrx_word' id='word_1_140' title='bbox 2105 2001 2194 2047; x_wconf 89' lang='lat' dir='ltr'><strong>im-</strong></span> 
     </span>
     <span class='ocr_line' id='line_1_17' title="bbox 397 2095 2193 2158; baseline 0.001 -15"><span class='ocrx_word' id='word_1_141' title='bbox 397 2099 541 2144; x_wconf 89' lang='lat' dir='ltr'><strong>butus</strong></span> <span class='ocrx_word' id='word_1_142' title='bbox 573 2099 861 2158; x_wconf 90' lang='lat' dir='ltr'><strong>reliquerim,</strong></span> <span class='ocrx_word' id='word_1_143' title='bbox 896 2099 1072 2144; x_wconf 86' lang='lat' dir='ltr'><strong>accitus</strong></span> <span class='ocrx_word' id='word_1_144' title='bbox 1107 2099 1168 2144; x_wconf 90' lang='lat' dir='ltr'><strong>ad</strong></span> <span class='ocrx_word' id='word_1_145' title='bbox 1190 2097 1506 2144; x_wconf 91' lang='lat' dir='ltr'><strong>Wilhelmum</strong></span> <span class='ocrx_word' id='word_1_146' title='bbox 1541 2095 1710 2155; x_wconf 90' lang='lat' dir='ltr'><strong>(veluti</strong></span> <span class='ocrx_word' id='word_1_147' title='bbox 1740 2099 1870 2144; x_wconf 90' lang='lat' dir='ltr'><strong>haud</strong></span> <span class='ocrx_word' id='word_1_148' title='bbox 1900 2101 2052 2145; x_wconf 90' lang='lat' dir='ltr'><strong>multo</strong></span> <span class='ocrx_word' id='word_1_149' title='bbox 2084 2106 2193 2146; x_wconf 88' lang='lat' dir='ltr'><strong>ante</strong></span> 
     </span>
     <span class='ocr_line' id='line_1_18' title="bbox 398 2195 2194 2261; baseline 0.002 -19"><span class='ocrx_word' id='word_1_150' title='bbox 398 2197 788 2259; x_wconf 85' lang='lat' dir='ltr'><strong>significavimus)</strong></span> <span class='ocrx_word' id='word_1_151' title='bbox 813 2202 868 2243; x_wconf 87' lang='lat' dir='ltr'><strong>ut</strong></span> <span class='ocrx_word' id='word_1_152' title='bbox 891 2198 1205 2243; x_wconf 88' lang='lat' dir='ltr'><strong>adolescentes</strong></span> <span class='ocrx_word' id='word_1_153' title='bbox 1236 2197 1484 2243; x_wconf 89' lang='lat' dir='ltr'><strong>literarum</strong></span> <span class='ocrx_word' id='word_1_154' title='bbox 1517 2203 1729 2244; x_wconf 87' lang='lat' dir='ltr'><strong>amantes</strong></span> <span class='ocrx_word' id='word_1_155' title='bbox 1756 2195 1879 2255; x_wconf 92' lang='lat' dir='ltr'><strong>(mea</strong></span> <span class='ocrx_word' id='word_1_156' title='bbox 1901 2213 1989 2258; x_wconf 87' lang='lat' dir='ltr'><strong>pro</strong></span> <span class='ocrx_word' id='word_1_157' title='bbox 2012 2200 2194 2261; x_wconf 91' lang='lat' dir='ltr'><strong>exigui-</strong></span> 
     </span>
     <span class='ocr_line' id='line_1_19' title="bbox 398 2294 2193 2356; baseline 0.001 -15"><span class='ocrx_word' id='word_1_158' title='bbox 398 2296 515 2356; x_wconf 89' lang='lat' dir='ltr'><strong>tate)</strong></span> <span class='ocrx_word' id='word_1_159' title='bbox 547 2295 683 2341; x_wconf 88' lang='lat' dir='ltr'><strong>bonis</strong></span> <span class='ocrx_word' id='word_1_160' title='bbox 715 2295 897 2341; x_wconf 90' lang='lat' dir='ltr'><strong>artibus</strong></span> <span class='ocrx_word' id='word_1_161' title='bbox 929 2296 1241 2341; x_wconf 88' lang='lat' dir='ltr'><strong>instituerem.</strong></span> <span class='ocrx_word' id='word_1_162' title='bbox 1310 2294 1594 2342; x_wconf 92' lang='lat' dir='ltr'><strong>Venientem</strong></span> <span class='ocrx_word' id='word_1_163' title='bbox 1627 2297 1839 2342; x_wconf 92' lang='lat' dir='ltr'><strong>canonici</strong></span> <span class='ocrx_word' id='word_1_164' title='bbox 1866 2297 2093 2343; x_wconf 88' lang='lat' dir='ltr'><strong>benevolo</strong></span> <span class='ocrx_word' id='word_1_165' title='bbox 2125 2297 2193 2343; x_wconf 89' lang='lat' dir='ltr'><strong>af-</strong></span> 
     </span>
     <span class='ocr_line' id='line_1_20' title="bbox 397 2393 2193 2457; baseline 0.002 -18"><span class='ocrx_word' id='word_1_166' title='bbox 397 2393 525 2439; x_wconf 89' lang='lat' dir='ltr'><strong>fectu</strong></span> <span class='ocrx_word' id='word_1_167' title='bbox 540 2409 775 2454; x_wconf 85' lang='lat' dir='ltr'><strong>excepere.</strong></span> <span class='ocrx_word' id='word_1_168' title='bbox 811 2394 966 2439; x_wconf 89' lang='lat' dir='ltr'><strong>Fuere</strong></span> <span class='ocrx_word' id='word_1_169' title='bbox 980 2395 1199 2440; x_wconf 90' lang='lat' dir='ltr'><strong>nonnulli</strong></span> <span class='ocrx_word' id='word_1_170' title='bbox 1215 2394 1389 2440; x_wconf 88' lang='lat' dir='ltr'><strong>horum</strong></span> <span class='ocrx_word' id='word_1_171' title='bbox 1404 2395 1620 2441; x_wconf 89' lang='lat' dir='ltr'><strong>doctrina</strong></span> <span class='ocrx_word' id='word_1_172' title='bbox 1633 2395 1811 2457; x_wconf 89' lang='lat' dir='ltr'><strong>insigni</strong></span> <span class='ocrx_word' id='word_1_173' title='bbox 1828 2408 1839 2440; x_wconf 71' lang='grc' dir='ltr'><strong><em>ε</em></strong></span> <span class='ocrx_word' id='word_1_174' title='bbox 1864 2394 2024 2442; x_wconf 88' lang='lat' dir='ltr'><strong>David</strong></span> <span class='ocrx_word' id='word_1_175' title='bbox 2039 2395 2193 2442; x_wconf 85' lang='lat' dir='ltr'><strong>Guth-</strong></span> 
     </span>
     <span class='ocr_line' id='line_1_21' title="bbox 399 2492 2193 2557; baseline 0.002 -19"><span class='ocrx_word' id='word_1_176' title='bbox 399 2508 539 2547; x_wconf 89' lang='lat' dir='ltr'><strong>raeus,</strong></span> <span class='ocrx_word' id='word_1_177' title='bbox 574 2492 780 2538; x_wconf 86' lang='lat' dir='ltr'><strong>Caesarei</strong></span> <span class='ocrx_word' id='word_1_178' title='bbox 815 2498 958 2553; x_wconf 90' lang='lat' dir='ltr'><strong>atque</strong></span> <span class='ocrx_word' id='word_1_179' title='bbox 992 2493 1220 2552; x_wconf 89' lang='lat' dir='ltr'><strong>pontificii</strong></span> <span class='ocrx_word' id='word_1_180' title='bbox 1249 2494 1375 2555; x_wconf 88' lang='lat' dir='ltr'><strong>juris</strong></span> <span class='ocrx_word' id='word_1_181' title='bbox 1412 2493 1681 2553; x_wconf 81' lang='lat' dir='ltr'><strong>professor3</strong></span> <span class='ocrx_word' id='word_1_182' title='bbox 1723 2493 1755 2539; x_wconf 91' lang='lat' dir='ltr'><strong>J</strong></span> <span class='ocrx_word' id='word_1_183' title='bbox 1757 2494 1928 2540; x_wconf 90' lang='lat' dir='ltr'><strong>acobus</strong></span> <span class='ocrx_word' id='word_1_184' title='bbox 1956 2495 2193 2557; x_wconf 89' lang='lat' dir='ltr'><strong>Ogilvius,</strong></span> 
     </span>
     <span class='ocr_line' id='line_1_22' title="bbox 398 2592 2194 2653; baseline 0.002 -17"><span class='ocrx_word' id='word_1_185' title='bbox 398 2592 646 2653; x_wconf 87' lang='lat' dir='ltr'><strong>theologus</strong></span> <span class='ocrx_word' id='word_1_186' title='bbox 681 2593 858 2646; x_wconf 87' lang='lat' dir='ltr'><strong>doctor,</strong></span> <span class='ocrx_word' id='word_1_187' title='bbox 899 2593 1027 2646; x_wconf 91' lang='lat' dir='ltr'><strong>olim,</strong></span> <span class='ocrx_word' id='word_1_188' title='bbox 1069 2592 1129 2638; x_wconf 89' lang='lat' dir='ltr'><strong>ob</strong></span> <span class='ocrx_word' id='word_1_189' title='bbox 1174 2597 1432 2651; x_wconf 83' lang='lat' dir='ltr'><strong>spectatam</strong></span> <span class='ocrx_word' id='word_1_190' title='bbox 1467 2594 1731 2638; x_wconf 90' lang='lat' dir='ltr'><strong>doctrinam</strong></span> <span class='ocrx_word' id='word_1_191' title='bbox 1773 2598 1915 2653; x_wconf 89' lang='lat' dir='ltr'><strong>atque</strong></span> <span class='ocrx_word' id='word_1_192' title='bbox 1950 2594 2194 2648; x_wconf 86' lang='lat' dir='ltr'><strong>virtutem,</strong></span> 
     </span>
     <span class='ocr_line' id='line_1_23' title="bbox 399 2688 2195 2754; baseline 0.003 -20"><span class='ocrx_word' id='word_1_193' title='bbox 399 2690 560 2735; x_wconf 89' lang='lat' dir='ltr'><strong>Sancti</strong></span> <span class='ocrx_word' id='word_1_194' title='bbox 583 2688 793 2735; x_wconf 90' lang='lat' dir='ltr'><strong>Andreae</strong></span> <span class='ocrx_word' id='word_1_195' title='bbox 828 2690 1205 2751; x_wconf 88' lang='lat' dir='ltr'><strong>archiepiscopus</strong></span> <span class='ocrx_word' id='word_1_196' title='bbox 1241 2691 1293 2736; x_wconf 95' lang='lat' dir='ltr'><strong>in</strong></span> <span class='ocrx_word' id='word_1_197' title='bbox 1326 2706 1460 2736; x_wconf 89' lang='lat' dir='ltr'><strong>sacra</strong></span> <span class='ocrx_word' id='word_1_198' title='bbox 1488 2690 1741 2738; x_wconf 89' lang='lat' dir='ltr'><strong>Basiliensi</strong></span> <span class='ocrx_word' id='word_1_199' title='bbox 1774 2693 1984 2754; x_wconf 90' lang='lat' dir='ltr'><strong>generali</strong></span> <span class='ocrx_word' id='word_1_200' title='bbox 2015 2694 2195 2752; x_wconf 89' lang='lat' dir='ltr'><strong>synodo</strong></span> 
     </span>
     <span class='ocr_line' id='line_1_24' title="bbox 397 2788 2195 2849; baseline 0.002 -17"><span class='ocrx_word' id='word_1_201' title='bbox 397 2789 672 2849; x_wconf 87' lang='lat' dir='ltr'><strong>designatus</strong></span> <span class='ocrx_word' id='word_1_202' title='bbox 698 2801 710 2841; x_wconf 82' lang='lat'><em>3</em></span> <span class='ocrx_word' id='word_1_203' title='bbox 758 2788 809 2833; x_wconf 91' lang='lat' dir='ltr'><strong>hi</strong></span> <span class='ocrx_word' id='word_1_204' title='bbox 850 2788 1087 2834; x_wconf 88' lang='lat' dir='ltr'><strong>natalibus</strong></span> <span class='ocrx_word' id='word_1_205' title='bbox 1127 2795 1175 2835; x_wconf 92' lang='lat' dir='ltr'><strong>et</strong></span> <span class='ocrx_word' id='word_1_206' title='bbox 1214 2789 1411 2835; x_wconf 87' lang='lat' dir='ltr'><strong>familiae</strong></span> <span class='ocrx_word' id='word_1_207' title='bbox 1457 2790 1704 2836; x_wconf 87' lang='lat' dir='ltr'><strong>nobilitate</strong></span> <span class='ocrx_word' id='word_1_208' title='bbox 1741 2791 2002 2845; x_wconf 89' lang='lat' dir='ltr'><strong>clarissimi,</strong></span> <span class='ocrx_word' id='word_1_209' title='bbox 2047 2791 2195 2836; x_wconf 87' lang='lat' dir='ltr'><strong>animi</strong></span> 
     </span>
     <span class='ocr_line' id='line_1_25' title="bbox 397 2886 2195 2946; baseline 0.002 -15"><span class='ocrx_word' id='word_1_210' title='bbox 397 2886 588 2932; x_wconf 91' lang='lat' dir='ltr'><strong>dotibus</strong></span> <span class='ocrx_word' id='word_1_211' title='bbox 634 2901 779 2946; x_wconf 91' lang='lat' dir='ltr'><strong>supra</strong></span> <span class='ocrx_word' id='word_1_212' title='bbox 818 2901 1116 2931; x_wconf 91' lang='lat' dir='ltr'><strong>communem</strong></span> <span class='ocrx_word' id='word_1_213' title='bbox 1163 2887 1414 2932; x_wconf 91' lang='lat' dir='ltr'><strong>hominum</strong></span> <span class='ocrx_word' id='word_1_214' title='bbox 1450 2886 1724 2933; x_wconf 88' lang='lat' dir='ltr'><strong>facultatem</strong></span> <span class='ocrx_word' id='word_1_215' title='bbox 1765 2890 2056 2943; x_wconf 89' lang='lat' dir='ltr'><strong>excellentes,</strong></span> <span class='ocrx_word' id='word_1_216' title='bbox 2102 2890 2195 2935; x_wconf 92' lang='lat' dir='ltr'><strong>elo-</strong></span> 
     </span>
     <span class='ocr_line' id='line_1_26' title="bbox 399 2984 2195 3047; baseline 0.003 -18"><span class='ocrx_word' id='word_1_217' title='bbox 399 2985 607 3043; x_wconf 89' lang='lat' dir='ltr'><strong>quentia,</strong></span> <span class='ocrx_word' id='word_1_218' title='bbox 631 3000 727 3044; x_wconf 88' lang='lat' dir='ltr'><strong>qua</strong></span> <span class='ocrx_word' id='word_1_219' title='bbox 749 2985 1011 3044; x_wconf 88' lang='lat' dir='ltr'><strong>plurimum</strong></span> <span class='ocrx_word' id='word_1_220' title='bbox 1033 2990 1307 3045; x_wconf 89' lang='lat' dir='ltr'><strong>potuerunt,</strong></span> <span class='ocrx_word' id='word_1_221' title='bbox 1332 2984 1609 3047; x_wconf 88' lang='lat' dir='ltr'><strong>profitendo,</strong></span> <span class='ocrx_word' id='word_1_222' title='bbox 1642 2986 1976 3042; x_wconf 89' lang='lat' dir='ltr'><strong>concionando,</strong></span> <span class='ocrx_word' id='word_1_223' title='bbox 2000 2988 2195 3034; x_wconf 89' lang='lat' dir='ltr'><strong>dicendo</strong></span> 
     </span>
    </p>
   </div>
   <div class='ocr_carea' id='block_1_3' title="bbox 400 3083 2200 3142">
    <p class='ocr_par' dir='ltr' id='par_1_3' title="bbox 400 3083 2200 3142">
     <span class='ocr_line' id='line_1_27' title="bbox 400 3083 2200 3142; baseline 0.004 -15"><span class='ocrx_word' id='word_1_224' title='bbox 400 3096 577 3142; x_wconf 85' lang='lat' dir='ltr'><strong>causas,</strong></span> <span class='ocrx_word' id='word_1_225' title='bbox 602 3084 899 3129; x_wconf 91' lang='lat' dir='ltr'><strong>audientium</strong></span> <span class='ocrx_word' id='word_1_226' title='bbox 929 3083 1112 3130; x_wconf 90' lang='lat' dir='ltr'><strong>animos</strong></span> <span class='ocrx_word' id='word_1_227' title='bbox 1142 3084 1193 3130; x_wconf 91' lang='lat' dir='ltr'><strong>in</strong></span> <span class='ocrx_word' id='word_1_228' title='bbox 1223 3084 1298 3131; x_wconf 90' lang='lat' dir='ltr'><strong>sui</strong></span> <span class='ocrx_word' id='word_1_229' title='bbox 1327 3084 1691 3133; x_wconf 87' lang='lat' dir='ltr'><strong>admirationem</strong></span> <span class='ocrx_word' id='word_1_230' title='bbox 1714 3086 2020 3134; x_wconf 89' lang='lat' dir='ltr'><strong>vehementer</strong></span> <span class='ocrx_word' id='word_1_231' title='bbox 2042 3087 2200 3135; x_wconf 89' lang='lat' dir='ltr'><strong>trahe-</strong></span> 
     </span>
    </p>
   </div>
  </div>
 </body>
</html>
