2944 3906
972 524 1427 568 EPISCOPORUM
1455 525 1633 567 VITAE.
1747 547 1754 555 ·
2146 530 2201 568 27

409 682 544 727 litate
563 679 622 725 ad
639 676 795 723 varios
814 675 1051 736 principes
1068 690 1080 731 ;
1107 675 1296 736 quibus,
1321 676 1422 737 ejus
1446 688 1590 735 opera
1612 678 1660 719 et
1677 673 1965 728 interventu,
1989 689 2063 721 res
2081 675 2201 721 diffi-

409 780 597 827 cillimae
620 791 679 822 ex
703 775 861 821 Caroli
884 776 1120 822 sententia
1143 781 1256 821 sunt
1281 774 1520 820 confectae.
1556 772 1724 834 Neque
1748 773 1907 818 minus
1932 775 2084 819 valuit
2107 776 2200 820 viri

405 876 658 938 prudentia
690 875 750 920 ad
780 875 1012 929 civitates,
1047 890 1156 935 quae
1181 880 1286 920 tum
1318 874 1378 920 ab
1399 873 1575 935 Anglis
1607 874 1668 919 ad
1691 872 1917 919 Carolum
1947 855 2199 928 redierant,

404 976 456 1020 in
478 974 636 1035 quiete
659 979 801 1033 atque
834 974 959 1035 regis
991 973 1081 1019 fide
1113 974 1368 1019 servandas
1388 986 1400 1018 z
1437 973 1497 1018 ob
1521 974 1649 1033 quod
1671 974 1897 1018 meritum
1911 974 2068 1019 trium
2092 988 2201 1020 aur-

401 1088 566 1120 eorum
589 1073 798 1118 millibus
822 1074 873 1118 in
897 1085 1045 1118 annos
1069 1072 1282 1134 singulos
1307 1071 1367 1118 ab
1390 1087 1500 1133 rege
1523 1071 1706 1117 liberali
1730 1077 1800 1117 est
1824 1072 2040 1118 donatus.
2099 1072 2198 1120 Sub

399 1173 450 1219 id
483 1178 687 1232 tempus,
722 1171 1112 1218 contendentibus
1146 1172 1204 1217 de
1236 1187 1384 1233 regno
1419 1170 1692 1232 Anglorum
1729 1170 1938 1216 Hem-ico
1974 1170 2117 1218 Sexto
2152 1178 2199 1218 et

401 1270 632 1318 Eduar‘do
654 1271 960 1325 Eboracensi,
992 1272 1165 1317 missus
1191 1277 1263 1316 est
1288 1271 1501 1316 Thomas
1526 1271 1587 1315 ad
1608 1269 1641 1314 J
1643 1269 1842 1315 acobum
1877 1269 2148 1342 Secundum
2171 1287 2199 1317 a

402 1371 573 1417 Carolo
590 1372 862 1432 legatus‚'ut
876 1385 1040 1432 regem
1054 1376 1267 1416 moveret
1276 1371 1336 1415 ad
1347 1369 1545 1415 Henrici
1565 1376 1724 1429 partes
1739 1375 1904 1415 contra
1914 1369 2198 1417 Eduardum

401 1470 640 1516 tutandas.
710 1468 868 1514 Nixus
903 1474 975 1514 est
1009 1470 1137 1514 enim
1173 1469 1372 1513 Carolus
1407 1469 1552 1514 insita
1585 1468 1926 1522 benevolentia,
1961 1475 2197 1528 quantum

400 1569 502 1614 fieri
524 1583 609 1628 per
627 1582 737 1613 eum
759 1567 931 1627 potuit,
951 1565 1231 1620 Henricum,
1255 1567 1419 1612 multis
1446 1566 1814 1612 adversitatibus
1839 1568 2090 1628 agitatum,
2114 1569 2197 1628 qui

397 1667 538 1712 toties
562 1681 671 1712 eum
694 1666 856 1712 hostili
880 1680 1028 1712 manu
1050 1671 1324 1726 persecutus
1347 1665 1519 1719 fuerat,
1544 1665 1853 1710 incommodis
1876 1666 2048 1711 levare.
2109 1665 2198 1712 Ca-

399 1766 490 1811 roli
512 1766 764 1826 postulatis
787 1765 820 1810 J
822 1765 994 1812 acobus
1023 1780 1082 1811 ex
1105 1736 1355 1811 sententia·
1373 1765 1617 1824 respondit
1638 1777 1651 1819 ;
1689 1763 1954 1809 Henricum
1977 1763 2199 1826 profliga-
2264 1762 2267 1763 ⁷

399 1870 521 1919 tum,
543 1879 691 1926 regno
715 1866 922 1924 pulsum,
957 1865 1109 1910 amico
1132 1865 1292 1910 animo
1317 1864 1379 1909 ad
1406 1879 1455 1909 se
1479 1864 1748 1908 venientem
1770 1863 1960 1922 recepit,
1985 1863 2197 1924 denaque

398 1963 550 2010 millia
572 1964 632 2009 ad
656 1969 876 2024 sumptus
900 1964 1052 2009 eidem
1075 1962 1260 2009 tribuit.
1331 1961 1478 2007 Haud
1505 1963 1657 2007 multo
1680 1940 1788 2021 post
1811 1960 2038 2015 Thomas,
2064 1961 2198 2007 Hen-

397 2064 483 2108 rici
506 2077 665 2116 suasu,
696 2063 1004 2124 negotiatoris
1037 2062 1219 2117 habitu,
1252 2077 1347 2122 quo
1378 2062 1537 2107 minus
1560 2060 1685 2106 foret
1707 2061 1940 2122 cognituS,
1964 2058 2195 2122 Angliam

398 2162 533 2221 petit,
573 2163 872 2221 exploratum
906 2177 1003 2222 quo
1039 2162 1091 2207 in
1122 2160 1387 2206 Henricum
1425 2161 1585 2205 animo
1614 2165 1796 2204 veteres
1832 2164 1990 2205 essent
2023 2159 2194 2205 amici:

397 2261 670 2306 sollicitavit
701 2275 757 2305 ea
784 2260 1073 2320 profectione
1105 2261 1227 2305 miro
1259 2259 1451 2320 ingenio
1482 2257 1714 2303 nobilium
1738 2258 2115 2317 quamplurimos
2138 2263 2194 2304 ut

400 2358 665 2404 Henricum
695 2360 747 2404 in
776 2374 979 2420 regnum
1011 2359 1329 2404 restituerent.
1400 2357 1593 2411 Seditio,
1627 2371 1713 2416 per
1747 2356 1798 2401 id
1831 2361 2034 2415 tempus,
2069 2356 2194 2402 inter

402 2431 735 2504 Eduardianos
766 2463 838 2504 est
861 2458 1041 2512 oborta,
1074 2458 1244 2504 comite
1267 2456 1463 2504 Varvici
1486 2457 1699 2502 adversae
1724 2454 1953 2500 Eduardo
1975 2453 2193 2501 factionis

401 2557 627 2616 principe.
696 2556 936 2603 Thomam
970 2558 1213 2603 discordiae
1253 2562 1495 2602 auctorem
1534 2555 1768 2601 nobilium
1801 2554 2019 2599 nonnulli
2055 2550 2193 2614 (quos

333 2718 338 2725 ἢ
403 2669 478 2700 res
501 2670 599 2700 non
620 2656 782 2717 latuit)
808 2655 1037 2709 Eduardo
1066 2657 1288 2702 detulere.
1359 2655 1516 2708 Quam
1540 2654 1601 2700 ob
1623 2669 1726 2700 rem
1749 2652 2006 2699 Eduardus
2030 2668 2089 2699 ex
2112 2654 2193 2698 illo

398 2754 638 2798 hominem
664 2754 772 2799 odio
793 2754 1013 2801 habitum
1037 2756 1098 2801 ad
1120 2770 1282 2801 necem
1305 2760 1377 2800 est
1399 2759 1688 2814 persecutus,
1720 2758 1768 2799 et
1794 2750 1887 2798 nisi
1911 2751 2029 2813 fuga
2051 2751 2193 2797 saluti

399 2853 538 2898 citius
563 2853 889 2907 consuluisset,
912 2854 1138 2899 ultimum
1161 2854 1291 2899 haud
1314 2853 1455 2898 dubie
1479 2852 1671 2899 obiisset
1694 2851 1992 2911 supplicium.
2060 2848 2192 2895 Hen-

398 2952 525 2997 ricus
550 2957 738 3012 accepto
763 2953 1006 2998 seditionis
1024 2952 1210 3006 nuntio,
1234 2951 1405 2997 coactis
1430 2952 1591 3010 copiis,
1614 2952 1666 2996 in
1684 2949 1912 3011 Angliam
1936 2954 2111 3002 movet,
2133 2954 2190 2995 ut

398 3051 535 3109 pulso
558 3049 788 3097 Eduardo
816 3052 868 3097 in
900 3066 1104 3113 regnum
1134 3048 1478 3096 restitueretur.
1538 3049 1656 3095 Post
1679 3049 1814 3101 varia
1844 3062 2005 3094 rerum
2028 3047 2191 3110 discri-

399 3149 544 3203 mina,
567 3149 736 3196 infelix
757 3151 913 3197 exitus
937 3155 1009 3197 est
1032 3151 1287 3216 insecutus.
1346 3148 1423 3195 Sic
1446 3149 1573 3195 enim
1595 3148 1693 3195 fere
1716 3163 1790 3195 res
1814 3152 1928 3194 sunt
1947 3147 2188 3200 humanae,
