2944 3906
689 570 747 609 84
1314 562 1860 608 ABERDONENSIUM

688 720 774 769 set,
808 726 984 760 munus
1017 713 1225 760 maxime
1259 714 1369 760 iniit
1393 712 1705 773 pontificium,
1736 725 1836 758 sese
1866 711 1918 758 in
1942 712 2125 774 collegii
2156 710 2355 772 aliisque
2385 725 2482 759 me-

684 812 881 859 moratis
913 810 1056 859 rebus
1089 826 1199 873 quae
1233 825 1429 858 suarum
1463 810 1675 871 partium
1705 808 1878 863 forent,
1911 815 2128 857 accurate
2150 809 2478 872 vigilaturum,

682 910 902 957 futurum
925 909 1146 957 omnibus
1171 908 1437 967 (literarum
1471 908 1678 955 maxime
1712 907 1957 969 studiosis)
1980 908 2114 968 pium
2148 914 2349 968 patrem,
2384 908 2479 955 uti-

680 1009 866 1069 lemque
887 1014 1139 1069 pastorem.
1208 1006 1377 1068 Neque
1411 1006 1706 1054 arbitrentur
1727 1020 1777 1053 se
1800 1006 1948 1053 alium
1972 1005 2240 1066 pontificem
2265 1007 2474 1067 adeptos,

675 1109 716 1153 si
751 1123 848 1155 non
881 1109 965 1169 qui
999 1114 1108 1168 post
1129 1107 1401 1168 episcopum
1424 1105 1742 1153 Wilhelmum
1775 1105 2010 1153 secundus
2033 1105 2229 1167 collegio
2256 1106 2473 1152 conditor

672 1214 795 1254 esset
816 1206 1024 1254 futurus.
1095 1205 1217 1253 Haec
1238 1206 1297 1252 de
1320 1221 1375 1253 eo
1397 1205 1660 1259 sentirent;
1694 1204 1797 1252 fore
1818 1204 1949 1251 haud
1971 1203 2113 1250 dubie
2135 1208 2193 1249 ut
2218 1202 2318 1248 haee
2341 1203 2393 1249 in
2415 1218 2472 1250 eo

668 1306 1017 1366 experirentur.

730 1404 999 1450 Secundum
1029 1403 1147 1456 haec,
1178 1403 1334 1448 soluta
1356 1401 1579 1448 concione
1610 1401 1807 1448 domum
1836 1398 2049 1460 undique
2077 1403 2150 1445 est
2176 1411 2465 1446 concessum.

667 1501 904 1548 Postridie
943 1516 1052 1548 cum
1094 1500 1302 1548 venisset
1342 1498 1559 1547 Gavinus
1601 1497 1817 1561 pontifex
1855 1499 1907 1546 in
1947 1498 2214 1561 collegium,
2248 1499 2462 1560 singulas

661 1600 764 1660 ejus
796 1600 921 1646 aedes
956 1600 1138 1658 revisit,
1173 1613 1309 1646 sacra
1331 1612 1448 1646 vasa
1469 1604 1519 1645 et
1540 1604 1849 1646 ornamenta:
1885 1598 1946 1644 ad
1981 1612 2093 1645 suos
2126 1598 2237 1645 inde
2268 1611 2463 1644 conver-

659 1713 754 1752 sus,
780 1697 901 1744 Haec
924 1696 1122 1759 (inquit)
1150 1698 1321 1758 optimi
1344 1698 1458 1744 olim
1482 1696 1718 1757 pontificis
1742 1695 1991 1743 Wilhelmi
2021 1695 2315 1744 desiderium
2340 1696 2459 1742 mihi

657 1797 786 1843 haud
808 1797 910 1843 sine
933 1797 1093 1843 dolore
1115 1801 1426 1842 renovarunt.
1498 1793 1646 1841 Hunc
1668 1795 1796 1841 enim
1831 1794 1908 1841 his
1942 1794 2141 1848 aedibus,
2175 1809 2458 1855 quocunque

654 1909 731 1940 me
766 1901 914 1949 verto,
939 1895 1114 1949 animo,
1146 1894 1274 1940 hunc
1303 1894 1466 1949 oculis,
1500 1894 1706 1955 requiro.
1775 1893 1945 1941 Libuit
1978 1894 2173 1941 tandem
2197 1890 2456 1940 Wilhelmi

653 1994 857 2054 episcopi
880 1993 1189 2054 sepulchrum
1215 1993 1392 2047 videre,
1426 1993 1508 2039 sed
1532 1992 1706 2040 vidisse
1739 1992 1980 2053 poenituit.
2048 1991 2142 2040 Est
2164 1993 2291 2039 enim
2322 1994 2452 2039 locus

652 2091 889 2151 tapetibus
924 2097 1119 2146 stratus,
1141 2092 1274 2138 nullo
1296 2090 1452 2137 adhuc
1473 2091 1657 2138 decenti
1679 2096 1991 2138 monumento
2012 2096 2223 2137 ornatus.
2292 2090 2450 2138 Subiit

650 2190 777 2236 illico
799 2190 1034 2250 pontificis
1065 2190 1279 2236 animum
1306 2190 1574 2252 indignatio
1597 2204 1707 2237 cum
1738 2190 2056 2244 miseratione,
2079 2191 2203 2237 tanti
2226 2190 2319 2237 viri
2341 2190 2451 2237 reli-

650 2289 786 2348 quias
804 2288 1055 2352 neglectas,
1078 2289 1180 2335 sine
1201 2289 1410 2343 nomine,
1433 2288 1535 2336 sine
1557 2288 1728 2336 celebri
1750 2294 2075 2344 monumento,
2102 2290 2276 2351 Jacere,
2310 2290 2447 2352 quus

648 2387 878 2433 memoria
899 2391 1085 2434 tantam
1109 2386 1238 2434 orbis
1260 2393 1446 2448 partem
1469 2393 1775 2450 parvagatur.
1822 2386 1892 2434 Et
1913 2387 2091 2442 abiens,
2111 2386 2224 2435 Heu
2249 2386 2445 2449 (inquit)

648 2492 745 2532 tam
761 2472 920 2533 raram
934 2487 986 2533 in
1003 2487 1167 2533 amicis
1177 2485 1318 2532 fidem
1333 2500 1347 2541 3
1363 2492 1463 2533 tam
1477 2492 1693 2547 paratam
1709 2485 1995 2534 oblivionem
2008 2491 2321 2534 mortuorum.
2351 2485 2446 2532 Re-

647 2583 735 2630 bus
757 2585 918 2645 itaque
941 2585 1117 2631 nostris
1135 2586 1433 2632 consulemus
1455 2586 1670 2632 viventes
1691 2598 1704 2631 t
1726 2585 1905 2632 mortui
1928 2583 2190 2631 amicorum
2212 2584 2442 2631 memoria

646 2683 740 2729 cito
761 2684 1011 2729 excessuri.
1072 2683 1163 2730 Cui
1188 2698 1286 2730 non
1309 2683 1522 2730 timenda
1543 2683 1648 2731 haec
1669 2683 1862 2745 injuria,
1884 2697 1995 2743 quae
2018 2681 2281 2729 Wilhelmo
2303 2682 2441 2729 nobis

644 2780 943 2828 cernentibus
966 2781 1136 2828 accidit
1149 2780 1172 2827 Ρ
1197 2781 1454 2844 indignior,
1477 2782 1642 2842 procul
1665 2780 1824 2836 dubio,
1846 2781 2100 2841 notiorque
2122 2780 2344 2827 omnibus
2360 2780 2438 2827 fu-

642 2885 766 2933 tura,
789 2894 885 2941 quo
907 2880 1062 2942 major
1085 2880 1208 2927 tanti
1232 2880 1325 2926 viri
1347 2879 1494 2926 fuerit
1517 2880 1720 2927 claritas.
1761 2878 1954 2927 Exinde
1975 2880 2185 2927 decrevit
2201 2878 2434 2932 Gavium,

641 2978 732 3036 piis
746 2978 968 3039 operibus
985 2983 1128 3040 atque
1144 2979 1377 3041 religiosis
1391 2979 1619 3034 intentus,
1631 2979 1981 3026 immortalitati
1996 2980 2252 3027 consulere.
2276 2977 2431 3032 Quar-

640 3080 690 3120 to
712 3075 881 3123 dehinc
910 3077 986 3123 die
1009 3077 1269 3138 conspectis
1300 3092 1411 3139 quae
1439 3078 1500 3124 ad
1527 3076 1679 3139 Deyae
1709 3078 1867 3140 pontis
1890 3078 2206 3126 conditionem
2229 3072 2440 3122 Wilhel-'

638 3187 746 3220 mus
779 3181 1044 3234 paraverat,
1078 3177 1287 3238 collegio,
1332 3176 1514 3224 aedibus
1548 3191 1736 3238 quoque
1771 3177 1875 3239 ejus
1910 3177 1962 3223 in
1993 3173 2181 3230 vicinia,
2220 3188 2425 3236 quarum
