2944 3906
987 457 1443 501 EPISCOPORUM
1472 458 1653 501 VITAE.
2163 463 2219 503 33

422 597 582 659 trusis,
621 604 797 665 Aspice
836 601 1012 665 (inquit
1052 603 1339 667 Stephanus)
1381 607 1558 667 optime
1592 606 1698 652 Rex
1723 620 1736 661 ;
1779 622 1838 652 en
1874 606 2098 662 ThomaS,
2139 624 2213 655 co-

422 704 551 749 mitis
575 702 768 750 Varvici
798 707 846 748 et
876 704 1191 763 complurium
1213 704 1445 751 nobilium
1468 703 1740 768 Anglorum
1764 706 1904 751 ruina
1923 720 1935 760 3
1972 708 2211 755 intestinae

423 801 679 855 seditionis,
710 801 972 847 multorum
995 802 1240 858 bellorum,
1271 805 1598 864 malorumque
1628 819 1774 864 prope
1804 804 2099 852 infinitorum
2122 807 2211 853 hoc

424 907 507 946 tuo
524 899 574 944 in
591 898 740 960 regno
762 899 1064 956 incendium;
1089 902 1173 962 qui
1195 907 1251 948 ut
1264 900 1534 964 Anglorum
1549 903 1801 962 optimates
1826 909 1968 963 atque
1991 904 2159 963 plebeii
2184 921 2212 950 a

423 1003 507 1043 tua
536 997 627 1043 fide
658 997 923 1053 deficerent,
963 1005 1020 1046 ut
1053 1000 1253 1060 imperio
1281 1000 1562 1062 dejicereris,
1586 1007 1820 1061 quantum
1854 1017 1939 1061 per
1973 1018 2081 1048 eum
2112 1003 2213 1050 fieri

423 1096 594 1155 potuit,
626 1111 812 1157 semper
846 1098 1009 1144 extitit
1043 1104 1221 1153 auctor,
1255 1113 1390 1145 meus
1415 1104 1487 1145 est
1520 1100 1752 1159 captivus,
1787 1115 1874 1159 pro
1897 1115 1991 1160 quo
2026 1108 2098 1148 tot
2132 1104 2216 1148 ali-

421 1195 612 1254 quando
645 1210 898 1242 aureorum
935 1211 1189 1244 nummum
1221 1198 1372 1244 millia
1405 1198 1716 1258 spopondisti.
1788 1197 1932 1244 Sume
1973 1215 2100 1245 nunc
2131 1207 2216 1247 tua

422 1307 508 1352 pro
531 1293 725 1339 libidine
755 1295 812 1339 de
841 1294 1034 1340 homine
1062 1296 1362 1356 supplicium,
1391 1298 1474 1356 qui
1506 1302 1578 1343 tot
1607 1297 1904 1343 incommoda
1926 1298 2014 1344 tibi
2037 1305 2214 1360 tuoque

421 1391 533 1437 huic
554 1406 702 1453 regno
725 1397 834 1438 astu
856 1392 1073 1440 intulerit
1096 1399 1144 1440 et
1165 1393 1347 1448 fraude,
1382 1409 1468 1440 nec
1491 1410 1566 1440 me
1591 1392 1664 1453 (ut
1688 1411 1882 1455 aequum
1910 1403 1980 1443 est
2008 1399 2214 1459 credere)

421 1490 654 1550 promissa
675 1491 902 1545 mercede,
925 1492 1008 1551 qui
1030 1491 1257 1538 infestum
1287 1493 1403 1538 adeo
1426 1492 1514 1538 tibi
1536 1493 1776 1539 hominem
1802 1501 1994 1555 capt-um
2017 1503 2064 1542 et
2087 1498 2217 1543 vinc-

422 1593 526 1633 tum
561 1587 856 1641 adduxerim,
889 1587 1147 1635 fraudabis.
1217 1589 1380 1635 Habes
1419 1596 1466 1636 et
1502 1588 1724 1637 Albaniae
1761 1593 1927 1638 ducem
1959 1596 2214 1655 captivum,

422 1685 610 1747 regium
627 1686 986 1741 adolescentem,
1007 1686 1256 1734 Scotorum
1279 1689 1555 1748 principem,
1579 1704 1722 1749 quem
1740 1691 1854 1736 dum
1872 1706 2013 1751 penes
2037 1698 2084 1739 te
2107 1695 2219 1740 reti-

422 1784 598 1837 nueris,
612 1784 702 1830 hoc
716 1790 856 1830 tuum
873 1800 1076 1847 regnum
1096 1787 1226 1832 omni
1252 1786 1502 1833 Scotorum
1519 1787 1685 1834 bellico
1702 1791 1915 1848 tumultu
1937 1791 2218 1839 incursioni-

423 1882 606 1944 busque
627 1882 820 1929 levabis.
863 1883 1044 1930 Idcirco
1068 1899 1180 1931 cave
1200 1882 1360 1943 (modo
1378 1885 1466 1932 tibi
1484 1892 1661 1947 tuoque
1675 1903 1822 1950 regno
1838 1890 2014 1949 optime
2033 1894 2218 1937 consul-

421 1988 527 2028 tum
550 1983 776 2045 volueris)
810 1983 1067 2044 aliquando
1092 1983 1220 2030 Scoti
1250 1985 1469 2030 reducem
1492 1984 1621 2030 hunc
1644 1986 1837 2032 videant
1860 1988 2213 2035 adolescentem.

423 2080 695 2135 Eduardus,
718 2087 774 2128 ut
798 2088 901 2128 erat
920 2083 1059 2128 vultu
1076 2082 1274 2137 liberali,
1295 2083 1456 2129 animo
1473 2084 1525 2129 in
1542 2098 1704 2130 omnes
1723 2085 1987 2147 magnifico,
2004 2088 2214 2147 primum

423 2178 664 2239 Stephano
682 2179 742 2225 ob
756 2180 927 2226 merita
943 2181 1122 2242 gratias
1137 2180 1296 2227 refert.
1338 2181 1457 2227 Mox
1475 2180 1697 2227 Albaniae
1712 2183 1880 2229 ducem
1897 2185 1949 2230 in
1966 2187 2212 2246 amplexus

423 2283 666 2337 acceptum
689 2278 821 2339 regio
842 2278 1021 2324 honore
1049 2284 1121 2325 est
1148 2284 1439 2339 prosecutus.
1509 2279 1762 2334 Thomam,
1786 2286 1962 2341 praeter
1984 2282 2212 2343 Stephani

384 2408 396 2418 .
423 2380 470 2421 et
493 2375 577 2435 qui
601 2389 708 2421 cum
744 2390 798 2421 eo
829 2381 1058 2423 venerant
1088 2377 1373 2437 opinionem,
1402 2377 1610 2424 humane
1644 2379 1863 2434 intuitus,
1899 2379 1993 2426 Hic
2017 2378 2211 2444 (inquit)
2257 2440 2260 2442 ,

423 2473 675 2533 Stephane,
699 2474 848 2520 veluti
870 2475 1132 2521 multorum
1163 2476 1307 2522 saluti
1337 2476 1600 2532 insidiator,
1634 2479 1675 2524 si
1709 2493 1814 2539 quae
1843 2478 2065 2527 feruntur
2098 2495 2212 2527 vera

422 2576 592 2625 essent,
626 2572 869 2633 suppliciis
893 2570 967 2631 (ut
993 2573 1082 2635 ais)
1104 2573 1228 2620 foret
1250 2573 1533 2630 afficiendus,
1567 2576 1608 2622 si
1639 2591 1736 2623 non
1769 2592 1894 2624 unus
1925 2593 2080 2625 meam
2112 2595 2207 2626 ser-

423 2674 578 2714 vasset
599 2671 834 2717 salutem}
868 2675 1118 2732 propterea
1139 2672 1421 2719 insidiarum
1443 2675 1720 2729 multorum,
1743 2675 1846 2738 ejus
1868 2675 2068 2724 fortasse
2093 2693 2211 2738 prae-

423 2768 563 2828 cipua
577 2782 734 2828 opera,
747 2768 798 2814 in
812 2783 972 2815 meum
986 2775 1129 2830 caput
1142 2751 1438 2833 regnumque
1451 2772 1564 2818 olim
1576 2778 1851 2833 paratarum
1860 2771 2082 2835 (quorum
2095 2791 2212 2836 prae-

423 2867 551 2927 cipui
564 2865 758 2913 admissi
774 2867 825 2912 in
839 2881 888 2913 se
902 2867 1164 2929 majestatis
1175 2869 1386 2915 criminis
1401 2870 1569 2931 dignas
1583 2871 1751 2918 dedere
1765 2873 1947 2934 poenas)
1957 2874 2210 2934 aliquando

425 2965 639 3012 oblivisci
656 2979 879 3026 possum;
903 2980 1023 3011 meae
1041 2980 1193 3026 nuper
1215 2967 1382 3012 salutis
1404 2972 1607 3014 servatae
1625 2983 1901 3030 nunquam3
1925 2970 2023 3031 qui,
2046 2974 2211 3031 procul

427 3062 585 3117 dubie,
615 3064 708 3111 nisi
741 3063 819 3110 hic
847 3064 987 3111 citius
1011 3064 1302 3118 occurrisset,
1325 3065 1679 3127 conjuratorum
1702 3067 2017 3128 quorundam,
2039 3069 2213 3131 quibus

1303 3163 1338 3197 Ε
