2944 3906
709 443 762 482 16
1323 426 1870 486 ABERDONENSIUM

706 587 767 634 tis
786 598 799 631 ι
831 583 931 645 regi
954 597 1041 629 suo
1062 583 1114 628 in
1135 595 1283 644 regno
1305 580 1394 627 etsi
1416 580 1576 626 liceret
1597 578 1726 638 quod
1749 577 1904 629 vellet,
1938 588 2035 620 non
2065 579 2224 620 tamen
2247 573 2388 620 licere
2410 589 2505 623 nec.

704 682 818 744 ipsis
840 681 1047 742 quidem,
1068 681 1152 741 qui
1168 679 1482 742 jureJurando
1513 676 1696 723 astricti
1718 679 1874 722 essent
1901 674 1962 720 ad
1989 671 2258 733 pontificem
2289 672 2499 735 deligen-

705 781 821 828 dum
842 780 958 827 vitae
980 779 1230 826 sanctitate
1252 783 1301 824 et
1333 776 1550 823 doctrina
1575 775 1845 836 pollentem.
1914 771 2096 818 Idcirco
2118 771 2301 832 precari
2323 772 2499 826 liceret,

706 894 816 943 rege
829 879 1146 939 permittente,
1163 875 1493 923 Alexandrum
1507 872 1841 934 Kyninmund‚
1858 871 2046 933 regium
2064 871 2404 927 consiliarium,
2421 886 2502 918 cu-

699 978 784 1040 jus
804 976 1058 1039 prudentia
1077 975 1129 1020 in
1154 989 1206 1021 re
1227 972 1452 1020 familiari
1475 971 1802 1034 gubernanda,
1829 976 1878 1017 et
1902 971 2015 1017 vitae
2042 970 2357 1017 sanctimonia
2383 970 2502 1018 adeo

703 1081 861 1123 essent
873 1074 1153 1135 conspicnae,
1167 1072 1408 1119 communi
1426 1071 1653 1133 suffragio
1667 1069 1937 1130 pontificem
1952 1070 2189 1115 declarare
2209 1082 2223 1123 ;
2243 1083 2303 1115 ne
2320 1067 2500 1116 Christi

707 1171 853 1235 (quod
866 1173 1073 1219 maxime
1089 1171 1289 1232 nollent)
1307 1170 1597 1217 sanctionem
1608 1169 1669 1217 de
1690 1169 1910 1229 episcopo
1927 1168 2176 1230 deligendo
2198 1182 2407 1228 eousque
2431 1168 2503 1214 in-

707 1273 931 1320 violatam
953 1271 1162 1332 primum
1183 1269 1513 1317 labefactatam
1538 1269 1767 1315 viderent.
1822 1266 1926 1314 Hos
1951 1281 2120 1320 mores,
2143 1266 2231 1313 hos
2255 1268 2503 1314 canonicos

707 1371 892 1417 utinam
915 1375 1078 1416 nostra
1098 1371 1315 1415 tenerent
1337 1372 1566 1426 tempora.
1638 1364 1730 1412 Sed
1755 1362 1831 1423 (ut
1853 1364 2121 1425 abominor)
2145 1364 2275 1425 quod
2298 1379 2427 1411 nnnc
2448 1364 2503 1411 fit

706 1469 932 1530 exiguum
955 1472 1040 1521 est,
1061 1466 1226 1528 pejora
1242 1465 1294 1511 in
1316 1464 1415 1512 dies
1439 1465 1591 1511 visuri
1614 1479 1797 1512 sumus.
1846 1463 2029 1511 Verum
2047 1464 2108 1510 ad
2130 1463 2410 1510 institutum
2433 1478 2506 1511 re-

705 1567 806 1613 deo.
857 1565 1003 1628 AEgre
1019 1565 1351 1611 canonicorum
1374 1563 1611 1610 sententia
1628 1563 1839 1624 primum
1863 1577 1892 1608 a
1910 1577 2021 1624 rege
2043 1562 2223 1616 audita,
2247 1577 2358 1609 mox
2376 1564 2504 1623 quod

705 1678 895 1725 oquum
916 1663 1007 1710 visi
1031 1662 1222 1709 fuerant
1245 1663 1420 1708 sentire
1442 1662 1636 1723 optimis
1659 1661 1928 1722 quibusque
1952 1661 2262 1708 suadentibus
2276 1661 2504 1722 probata:

706 1762 1083 1823 permissumque
1105 1767 1162 1808 ut
1181 1761 1342 1808 liberis
1365 1760 1625 1823 suffragiis,
1643 1775 1788 1822 quem
1802 1761 1980 1807 vellent
1997 1761 2208 1807 dicerent
2224 1762 2504 1808 antistitem.

708 1860 866 1924 Igitur
887 1860 1016 1907 hand
1038 1860 1190 1906 multo
1211 1866 1320 1921 post
1340 1858 1573 1920 praefatus
1595 1858 1871 1908 Alexander
1896 1858 2080 1914 Perthi,
2114 1875 2227 1922 rege
2254 1867 2505 1921 praesente,

707 1957 1058 2007 Aboedonensis
1080 1964 1382 2005 consecratur
1404 1959 1665 2019 episcopus.
1734 1958 1945 2009 Peractis
1967 1958 2079 2006 inde
2101 1973 2212 2019 quae
2234 1960 2365 2006 eain
2389 1961 2507 2007 cele-

708 2057 881 2106 britate
902 2058 1086 2120 agenda
1106 2056 1311 2111 fuerant,
1343 2055 1667 2104 Aberdoniam
1690 2058 1934 2112 concessit,
1956 2057 2041 2105 ubi
2064 2058 2214 2120 vitam
2237 2058 2338 2120 egit
2366 2059 2506 2118 plane

710 2154 982 2203 Christiano
1006 2156 1222 2216 episcopo
1244 2156 1454 2217 dignam,
1479 2156 1646 2202 vivens
1664 2162 1804 2210 caste,
1826 2157 2011 2216 pudice,
2034 2157 2234 2219 integre.
2274 2156 2506 2204 Profestis

706 2255 899 2315 quidem
913 2254 1076 2301 diebus
1092 2269 1202 2300 suos
1216 2259 1301 2300 aut
1317 2254 1537 2302 divinum
1560 2260 1646 2302 aut
1667 2255 1934 2303 humanum
1951 2257 2035 2319 jus
2053 2257 2214 2304 docuit
2232 2273 2246 2303 ε
2263 2256 2404 2306 festis
2423 2272 2507 2304 au-

707 2359 805 2401 tem
826 2352 1224 2414 predicationibus
1237 2359 1287 2399 et
1306 2353 1708 2400 admonitionibus
1730 2355 1950 2402 insistere
1971 2355 2016 2402 ei
2034 2354 2128 2402 fuit
2140 2356 2408 2417 peculiare:
2433 2363 2507 2403 ter

707 2451 1088 2499 hebdomadatim
1105 2452 1360 2514 jejunavit,
1386 2450 1619 2499 festorum
1642 2449 1821 2515 vigiliis
1845 2468 1955 2514 quae
1978 2454 2325 2501 solennioribus
2348 2454 2506 2502 obser-

708 2548 945 2597 vabantur
966 2550 1254 2604 ceremoniiS,
1270 2551 1378 2597 solo
1406 2565 1528 2611 pane
1559 2557 1610 2597 et
1643 2566 1768 2612 aqua
1800 2558 2065 2600 contentus.
2122 2553 2327 2608 Quando
2359 2555 2503 2601 etiaen

709 2650 864 2709 apulae
877 2649 957 2696 vel
972 2648 1335 2712 magnificentiae
1355 2664 1500 2696 causa
1521 2656 1718 2710 paratae,
1740 2651 1793 2697 in
1815 2666 2082 2712 pauperum
2099 2667 2214 2699 usus
2232 2653 2505 2701 tribueban-

709 2754 802 2795 tur.
870 2746 1022 2795 Vetus
1052 2749 1286 2809 templum
1308 2746 1646 2796 Aberdonense
1680 2750 1783 2812 ejus
1811 2751 1954 2813 jussu
1987 2757 2059 2798 est
2091 2752 2388 2808 demolitum,
2420 2768 2505 2800 no-

709 2860 824 2895 vum
857 2846 1006 2907 priori
1040 2847 1179 2909 longe
1202 2847 1421 2908 amplius,
1454 2854 1796 2911 proptereaque
1824 2850 2079 2911 episcopali
2106 2852 2210 2898 sedi
2243 2832 2504 2899 accommo-

710 2945 880 3000 datius,
897 2945 1121 2993 aedificari
1137 2952 1345 3007 coeptum
1363 2960 1376 2993 ε
1410 2947 1495 2993 vix
1507 2952 1664 2995 turres
1686 2963 1807 3009 quas
1823 2950 2064 2997 cernimus
2076 2950 2137 2996 ad
2159 2949 2504 2997 tintinnabulo-

711 3056 820 3090 rum
841 3057 1236 3105 campanarumve
1257 3060 1415 3102 usum,
1437 3059 1547 3093 cum
1561 3047 1908 3107 columnis->sex
1923 3047 2113 3096 cubitos
2135 3049 2247 3096 altis
2260 3055 2502 3097 construc-
