2944 3906
984 524 1439 568 EPISCOPORUM
1469 526 1643 569 VITAE.
2152 532 2207 569 25

426 675 612 736 habuit)
631 673 851 733 apposuit
873 687 1065 728 manus3
1090 675 1371 734 praeparatis
1397 690 1455 720 ex
1477 675 1624 737 tignis
1648 675 1790 720 simul
1812 677 2063 735 compactis
2086 676 2212 723 facta

427 772 668 819 lacunaria
704 771 954 831 trabesque
989 773 1342 833 parietibusque
1381 774 1641 833 imposuit:
1678 774 1982 820 lucunaribus
2019 781 2210 829 tectum,

424 874 549 916 secto
582 870 737 928 lapide
772 871 944 916 stravit
978 872 1338 930 pavimentum:
1375 873 1524 931 portis
1559 873 1786 935 appositis
1811 873 1978 926 valvis,
2013 888 2121 932 quae
2151 875 2211 918 ad

422 969 674 1028 parietum,
698 969 810 1014 tecti
834 969 977 1014 simul
999 975 1141 1029 atque
1164 970 1441 1028 pavimenti,
1473 972 1868 1029 complementum
1893 977 2210 1031 ornatumque

423 1067 704 1120 attinebant,
728 1073 1003 1127 sumptuose
1027 1068 1141 1113 satis
1165 1068 1396 1113 adhibuit.
1455 1067 1588 1114 Inter
1610 1069 1708 1114 haec
1730 1076 1890 1115 tamen
1913 1076 2109 1116 externa
2130 1086 2212 1116 ne-

421 1167 567 1228 gotia,
592 1167 803 1212 studium
828 1167 1075 1212 literarum
1097 1182 1194 1212 non
1225 1168 1495 1213 intermisit.
1554 1166 1613 1212 In
1635 1173 1824 1213 sextum
1847 1170 1973 1213 enim
1991 1169 2212 1215 Decreta-

421 1266 539 1311 lium
565 1272 611 1311 et
630 1265 950 1311 Clementinas
975 1271 1215 1311 accuratas
1239 1272 1381 1326 atque
1400 1267 1586 1312 erudito
1606 1267 1708 1312 viro
1727 1267 1894 1328 dignas
1914 1268 2061 1313 edidit
2079 1283 2212 1313 enar-

421 1364 640 1408 rationes.
711 1363 897 1408 Extant
937 1364 1115 1409 codices
1156 1364 1248 1408 viri
1289 1364 1548 1424 diligentiae
1588 1365 1765 1410 indices
1805 1365 1857 1410 in
1896 1380 1948 1410 re
1988 1366 2209 1411 literaria.

421 1462 561 1507 Pauli
596 1467 755 1507 autem
779 1461 1021 1520 Epistolas
1052 1477 1228 1523 magna
1256 1463 1511 1507 admodum
1535 1463 1835 1508 veneratione
1859 1468 1905 1508 et
1930 1478 2088 1508 amore
2113 1479 2212 1509 am-

420 1561 586 1620 plexus
621 1564 706 1612 est,
738 1573 856 1618 quas
895 1559 948 1603 in
987 1559 1097 1603 sinu
1136 1573 1320 1618 semper
1355 1559 1538 1614 habuit,
1578 1560 1904 1620 verbatimque
1944 1562 2209 1608 edidicerat.

418 1656 670 1703 Inchoavit
691 1658 742 1702 in
766 1672 843 1702 eas
867 1657 1243 1711 commentarios,
1279 1658 1360 1703 sed
1382 1673 1479 1703 non
1501 1657 1710 1717 perfecit.
1779 1658 1929 1704 Paulo
1954 1660 2067 1705 vitae
2095 1667 2205 1706 ante

419 1756 616 1810 exitum,
635 1756 736 1817 regi
755 1770 926 1815 parum
950 1760 1166 1815 acceptus
1189 1755 1465 1810 habebatur,
1485 1757 1599 1816 quia
1616 1757 1925 1802 ecclesiastica
1948 1759 2206 1804 sacerdotia

419 1870 529 1915 quae
552 1861 657 1901 tum
679 1854 802 1900 forte
825 1854 1085 1900 rectoribus
1109 1854 1354 1908 vacabant,
1386 1856 1487 1916 ejus
1512 1870 1656 1900 suasu
1679 1862 1762 1901 aut
1787 1857 1928 1917 jussu
1949 1858 2123 1916 potius,
2145 1858 2204 1903 iis

419 1954 531 1999 dare
561 1952 764 2007 nolebat,
789 1952 976 2012 quibus,
1009 1954 1083 1998 vel
1114 1959 1307 2012 propter
1333 1959 1519 1998 aetatem
1542 1954 1985 2015 velignorationem
2015 1961 2121 2000 tum
2151 1957 2207 2001 li-

420 2058 631 2097 terarum
659 2057 763 2097 tum
792 2030 951 2096 rerum
986 2051 1320 2105 humanarum,
1357 2067 1658 2111 nequaquam
1695 2054 1927 2099 committi
1961 2054 2204 2100 debebant.

421 2149 654 2195 Constans
678 2150 729 2193 in
751 2149 998 2208 promissis
1022 2150 1266 2194 servandis
1294 2149 1588 2205 habebatur3
1626 2152 1898 2210 splendidus
1929 2152 1981 2196 in
2011 2151 2206 2199 familiae

421 2248 565 2300 victu,
589 2262 758 2306 parcus
782 2248 833 2291 in
856 2261 955 2291 suo.
1016 2246 1294 2292 Familiares
1318 2247 1487 2293 habuit
1509 2249 1886 2315 septentrionalis
1903 2250 2039 2310 regni
2055 2252 2205 2309 partis

419 2345 787 2406 nobiliores,maj
793 2360 928 2390 orum
947 2346 1205 2405 praesertim
1226 2346 1566 2407 primogenitos
1579 2347 1798 2406 virosque
1816 2348 2047 2401 eruditos3
2064 2353 2206 2407 atque

418 2445 589 2490 horum
622 2459 764 2503 opera
793 2444 844 2489 in
875 2443 1014 2489 rebus
1042 2444 1268 2505 gravibus
1302 2444 1537 2498 utebatur,
1572 2445 1763 2490 illorum
1791 2450 1949 2491 autem
1981 2446 2206 2504 exemplis

419 2543 610 2601 optimis
644 2548 808 2587 tenera
841 2542 1014 2587 imbuit
1048 2548 1251 2602 pectora.
1319 2542 1569 2588 Exornare
1598 2542 1689 2588 Dei
1724 2543 1964 2589 ecclesiam
1996 2544 2206 2590 aedificiis

418 2646 465 2686 et
499 2641 803 2694 ornamentis,
857 2640 1109 2686 hominum
1150 2641 1333 2686 animos
1374 2642 1567 2701 optimis
1605 2642 1864 2701 disciplinis
1884 2647 1948 2702 vet
1981 2642 2206 2696 moribus,

417 2753 601 2798 semper
624 2743 695 2783 est
718 2739 936 2784 annixus.
1008 2739 1218 2785 Moritur
1241 2740 1447 2794 tandem,
1478 2740 1552 2785 his
1576 2745 1718 2799 atque
1741 2740 1844 2785 aliis
1867 2741 2031 2785 multis
2053 2741 2198 2801 gestis

417 2838 632 2898 insignis,
656 2841 963 2896 posteaquam
995 2838 1327 2896 septemdecim
1355 2853 1503 2883 annos
1532 2844 1749 2884 tenuerat
1778 2838 2121 2898 pontificatum,
2151 2844 2199 2883 et

417 2936 448 2981 J
450 2934 581 2982 acobi
604 2936 728 2996 regis
754 2934 956 2979 Secundi
980 2949 1104 2980 anno
1127 2935 1350 2980 vicesimo
1373 2936 1589 2980 secundo.
1644 2933 1775 2980 Dum
1798 2936 1899 2996 ejus
1922 2935 2067 2981 funus
2091 2936 2207 2983 effe-.-
2220 2937 2281 2984 A.
2297 2938 2356 2984 D.
2384 2942 2525 2991 1459.

416 3040 563 3088 retur,
580 3033 939 3080 Aberdonenses
955 3034 1078 3079 cives
1097 3038 1144 3078 et
1161 3039 1391 3090 matronae
1409 3033 1664 3093 probiores,
1687 3048 1771 3093 per
1788 3034 1996 3079 dolorem
2013 3034 2198 3096 lachry-

416 3137 615 3186 mantes,
638 3133 837 3178 cadaver
859 3146 1034 3194 magna
1056 3133 1356 3178 veneratione
1379 3138 1492 3178 sunt
1514 3133 1793 3178 deosculatae
1813 3146 1824 3178 2
1848 3137 1982 3178 tanta
2004 3131 2197 3195 Ingera-

1276 3233 1313 3265 D
