2944 3906
1012 493 1469 538 EPISCOPORUM
1497 495 1678 539 VITAE.
2188 499 2245 537 47

451 637 528 684 Sic
550 638 692 698 prisci
714 635 984 697 philosophi
1007 636 1353 693 existimavere,
1376 639 1444 685 sic
1463 645 1856 686 asseveraverunt
1877 640 2151 686 divinarum
2175 646 2246 687 at-

452 751 544 796 que
567 736 886 782 humanarum
919 750 1081 782 rerum
1114 737 1288 796 periti:
1323 737 1421 783 imo
1451 738 1712 784 amicitiam
1745 751 1847 784 rem
1881 752 1981 783 esse
2016 738 2244 793 divinam,

454 849 593 880 nemo
627 834 845 880 omnium
879 834 975 881 fuit
1008 836 1092 896 qui
1125 851 1223 883 non
1257 837 1573 883 contenderet.
1643 836 1874 882 Praeclare
1907 836 2059 898 igitur
2081 836 2244 882 Cicero

451 926 714 979 exclamat:
750 933 794 979 O
816 936 1090 994 praeclaram
1113 935 1422 996 sapientiam!
1457 937 1603 981 solem
1627 951 1652 982 e
1679 936 1859 982 mundo
1889 936 2054 982 tollere
2083 936 2248 981 viden-

451 1038 533 1078 tur
554 1032 639 1092 qui
662 1032 921 1079 amicitiam
943 1034 1002 1079 de
1025 1034 1127 1080 vita
1149 1035 1339 1089 tollunt,
1362 1049 1459 1094 qua
1481 1034 1605 1080 nihil
1626 1050 1655 1079 a
1677 1035 1768 1080 diis
1791 1034 2139 1081 immortalibus
2162 1034 2246 1080 ha-

451 1132 616 1178 bemus
640 1132 826 1187 melius,
859 1131 982 1178 nihil
1010 1133 1286 1195 Jucundius.
1355 1132 1425 1179 Et
1446 1131 1731 1179 Aristoteles
1764 1139 1925 1179 noster
1966 1133 2245 1193 perpulchre

452 1232 708 1277 admodum
728 1244 740 1276 t
773 1230 928 1278 Nemo
951 1231 1131 1278 habens
1154 1237 1324 1285 caetera
1345 1232 1508 1279 omnia
1529 1231 1671 1287 bona,
1696 1232 1798 1277 sine
1821 1232 1983 1277 amicis
2007 1237 2246 1291 expeteret

453 1330 627 1376 vivere.
696 1329 825 1376 Nam
847 1336 895 1376 et
917 1331 1172 1391 locupletes
1196 1336 1245 1376 et
1266 1331 1318 1376 in
1341 1331 1615 1390 principatu
1642 1335 1970 1390 potestateque
1999 1330 2246 1376 constituti
2289 1372 2293 1375 .

453 1429 716 1488 plurimum
739 1429 902 1475 amicis
925 1430 1140 1491 indigere
1163 1430 1401 1476 videntur.
1470 1430 1600 1483 Quid
1629 1430 1757 1475 enim
1787 1430 1981 1490 prodest
2011 1430 2246 1489 prosperi-

452 1533 542 1582 tas,
559 1527 782 1573 beneficio
796 1527 998 1581 sublato,
1021 1528 1150 1588 quod
1168 1529 1362 1588 quidem
1381 1529 1589 1573 maxime
1607 1528 1661 1573 fit
1684 1528 1736 1573 in
1758 1528 1948 1582 amicos,
1967 1543 2021 1573 ac
2038 1528 2244 1573 maxime

452 1626 810 1670 commendatur
829 1638 843 1679 ;
879 1630 963 1671 aut
985 1640 1195 1686 quonam
1217 1631 1356 1686 pacto
1379 1626 1481 1672 sine
1507 1626 1671 1671 amicis
1703 1624 1932 1671 custodiri
1955 1626 2245 1672 conservari-

453 1729 546 1783 que
563 1728 721 1783 potest
733 1722 757 1768 Ρ
793 1723 902 1777 Quo
920 1730 1126 1784 namque
1143 1725 1302 1786 magis
1315 1725 1552 1785 quispiam
1572 1724 1797 1778 abundat,
1821 1738 1876 1769 eo
1893 1724 2046 1786 magis
2063 1725 2246 1783 pericu-

454 1822 513 1867 lis
537 1821 778 1882 subjacet:
804 1821 856 1867 in
869 1827 1164 1881 paupertate,
1188 1822 1387 1882 aliisque
1401 1821 1764 1876 calamitatibus,
1787 1823 1980 1868 unicum
2004 1821 2246 1884 refugium

453 1920 593 1965 amici
615 1924 862 1978 putantur.
930 1918 1000 1965 Et
1022 1924 1078 1965 ut
1099 1920 1263 1979 paucis
1287 1921 1654 1979 complectamur
1676 1921 1842 1974 multa,
1865 1920 2074 1966 amicitia
2096 1935 2152 1966 ea
2173 1926 2245 1967 est

455 2006 718 2072 concordia,
741 2033 837 2079 qua
859 2023 1030 2073 stante,
1054 2033 1214 2079 parvae
1235 2034 1311 2065 res
1326 2029 1556 2073 crescunt,
1579 2034 1675 2079 qua
1692 2024 1865 2073 amota,
1878 2034 1953 2065 res
1968 2034 2152 2082 magnae
2174 2021 2245 2066 di-

453 2115 695 2162 labuntur.
748 2115 980 2163 Videmus
1005 2122 1053 2163 et
1075 2118 1393 2164 animantium
1415 2117 1700 2178 quibusdam
1719 2118 1896 2178 absque
1912 2119 2112 2164 rationis
2135 2134 2243 2173 usu,

456 2214 531 2260 his
554 2215 817 2274 praesertim
841 2214 1015 2275 quibus
1037 2220 1342 2261 mansuetum
1364 2216 1575 2276 miteque
1597 2216 1859 2277 ingenium,
1893 2217 2043 2276 equiS,
2077 2217 2243 2272 bobus,

454 2312 638 2367 ovibus,
661 2313 855 2374 reliquis
879 2326 1067 2374 quoque
1087 2314 1235 2359 'simili
1257 2314 1467 2374 praeditis
1496 2319 1684 2368 natura,
1719 2328 1807 2360 suo
1829 2328 1960 2360 more
1983 2315 2242 2362 amicitiam

453 2413 606 2457 inesse
626 2424 638 2457 ι
674 2411 779 2457 aliis
803 2411 962 2467 feroci,
985 2413 1180 2467 crudeli,
1202 2413 1596 2474 inmansuetoque
1618 2413 1810 2474 ingenio
1832 2391 2007 2460 natura
2027 2428 2244 2474 procrea-

452 2512 532 2564 tis,
554 2525 660 2571 quae
682 2511 733 2556 in
757 2525 898 2556 suum
928 2516 976 2557 et
1005 2512 1057 2557 in
1080 2512 1289 2557 alienum
1318 2526 1468 2574 genus
1497 2512 1714 2566 saeviunt,
1742 2518 2019 2572 perpetuam
2051 2518 2242 2558 conten-

455 2608 648 2654 tionem.
718 2608 835 2654 Haec
855 2610 1064 2664 tametsi,
1088 2609 1148 2656 ob
1170 2611 1400 2670 ineptiam
1423 2611 1483 2656 ad
1506 2610 1771 2656 humanum
1793 2625 1950 2665 usum,
1977 2625 2087 2657 raro
2117 2625 2242 2657 mac-

455 2711 570 2760 tata,
605 2707 728 2752 aeris
762 2712 923 2754 autem
955 2709 1258 2755 inclementia
1291 2708 1545 2770 absumpta
1575 2724 1837 2770 nunquam,
1871 2710 2044 2771 exiguo
2079 2715 2240 2755 tamen

453 2819 639 2865 semper
663 2810 711 2851 et
733 2819 853 2865 pene
875 2807 1039 2852 eodem
1061 2808 1312 2867 persistere
1334 2822 1561 2855 numero:
1591 2810 1674 2855 illa
1696 2814 1824 2863 vero,
1847 2808 2059 2869 quotidie
2081 2812 2129 2853 et
2150 2807 2240 2853 hu-

454 2918 597 2949 mana
619 2905 733 2965 gula
754 2905 982 2965 populata
1003 2910 1051 2951 et
1073 2905 1375 2952 sae'vientibus
1399 2905 1528 2960 feris,
1564 2908 1668 2954 coeli
1691 2922 1879 2968 quoque
1905 2906 2097 2968 injuriae
2119 2920 2240 2952 sem-

454 3015 539 3062 p‘er
561 3002 780 3058 obnoxia,
803 3003 1058 3059 abundare,
1088 3005 1141 3050 in
1167 3004 1489 3066 majoremque
1511 3005 1663 3051 indies
1686 3019 1949 3052 excrescere
1970 3018 2237 3052 numerum.

455 3099 701 3149 Indicium.
714 3101 925 3163 profecto
946 3102 1206 3150 amicitiam
1228 3104 1290 3150 ad
1310 3118 1472 3151 rerum
1495 3104 1710 3151 omnium
1738 3104 2033 3157 incrementa
2062 3104 2117 3152 in
2136 3103 2239 3151 vita
