2944 3906
434 1815 555 1861 A.D.
584 1815 722 1857 1238.

767 496 794 534 8
1055 537 1069 542 ‚
1379 480 1924 528 ABERDONENSIUM

756 653 841 701 per
872 639 1052 700 legatos
1091 640 1332 695 acceperat
1364 633 1749 680 Dunkeldensem
1782 629 2103 692 episcopatum
2133 628 2346 674 omnium
2381 626 2551 675 suffra-

756 738 847 800 giis
864 734 954 783 sibi
971 734 1194 787 delatum,
1212 732 1261 778 id
1274 732 1375 794 regi
1398 744 1695 791 summopere
1718 730 1930 790 placere:
1953 727 2126 773 idcirco
2149 740 2204 772 eo
2222 725 2552 771 Dunkeldeam

758 837 817 882 ad
856 847 1014 896 regem
1054 830 1347 883 concedente,
1380 828 1731 875 Aberdonensis
1771 828 1923 873 clerus
1957 823 2171 871 Gilberto
2205 824 2263 870 de
2298 822 2554 884 Stryvelyn

760 934 864 979 viro
886 931 1031 978 nobili
1054 927 1377 990 pontificatum
1400 926 1625 973 decernit.

822 1122 1210 1172 GILBERTUS
1242 1128 1425 1169 creatus
1455 1122 1670 1176 antistes,
1700 1121 1827 1168 illico
1863 1126 2059 1167 conatus
2089 1125 2162 1166 est
2188 1125 2244 1166 ut
2277 1134 2472 1166 nemora
2498 1121 2555 1166 de

759 1224 895 1277 Bras,
918 1223 975 1269 de
993 1221 1210 1275 Cloueth,
1231 1221 1586 1281 nemoralesque
1609 1220 1729 1282 agri,
1745 1233 1830 1280 per
1851 1219 2092 1280 improbos
2114 1219 2348 1280 quosdam
2371 1225 2556 1266 monta-

761 1336 847 1368 nos
884 1321 1062 1382 injuria
1095 1320 1276 1380 aliquot
1308 1332 1456 1365 annos
1488 1316 1820 1364 Aberdonensi
1850 1317 2056 1364 ecclesiae
2089 1316 2370 1371 subtractos,
2400 1318 2553 1363 eidem

739 1421 1133 1466 restituerentur.
1173 1416 1269 1470 Qui
1291 1414 1666 1462 execrationibus
1688 1420 1737 1461 et
1757 1414 2022 1461 interdictis
2045 1415 2291 1469 admoniti,
2313 1414 2558 1475 pontifica-

758 1519 848 1562 lem
871 1517 1090 1562 timentes
1118 1513 1462 1567 auctoritatem,
1484 1518 1533 1558 et
1555 1527 1616 1558 ne
1637 1512 1687 1558 vi
1709 1518 1758 1559 et
1786 1512 1932 1558 armis
1960 1512 2086 1574 regis
2109 1512 2432 1567 domarentur,
2456 1512 2556 1560 Gil-

756 1614 888 1661 berto
920 1613 1379 1673 obtemperaverunt.
1448 1578 1722 1672 Emigravit
1748 1610 1789 1656 is
1817 1608 2031 1671 pontifex
2062 1615 2171 1671 post
2201 1611 2426 1671 adeptmn
2457 1627 2556 1658 ma-

758 1713 1012 1774 gistratum
1034 1725 1160 1757 anno
1175 1710 1437 1763 undecimo,
1455 1707 1718 1755 Alexandri
1740 1709 1933 1755 secundi
1949 1710 2077 1770 regis
2090 1709 2315 1756 vicesimo
2336 1712 2555 1766 secundo,

754 1817 802 1866 et
823 1815 1000 1857 nostrae
1021 1809 1187 1855 salutis
1211 1808 1459 1854 millesimo
1483 1807 1803 1854 ducentesimo
1825 1807 2063 1854 tricesimo
2088 1813 2268 1854 octavo.

825 2004 1091 2051 Secundum
1108 2003 1225 2057 haec,
1242 2001 1594 2049 Aberdonensis
1611 2003 1778 2057 clerus,
1794 2002 1920 2049 facta
1937 2003 2157 2049 concione
2174 2001 2477 2059 Aberdoniae,
2501 2007 2551 2052 in

757 2102 1145 2148 consultationem
1167 2102 1347 2148 ducunt
1368 2115 1511 2161 quem
1532 2101 1832 2161 potissimum
1854 2115 2056 2161 praeesse
2079 2085 2268 2148 vellent.
2320 2101 2444 2150 Erat
2466 2119 2551 2164 per

758 2200 807 2246 id
829 2206 1016 2259 tempus
1038 2198 1382 2260 Abbyrbrothy
1405 2197 1823 2246 RADULPHUS
1853 2197 2012 2253 abbas,
2039 2200 2115 2246 vir
2143 2200 2407 2248 incredibili
2436 2217 2550 2263 pru-

757 2297 915 2343 dentia
936 2303 984 2342 et
1005 2296 1267 2343 sanctitate.
1336 2295 1487 2358 Cujus
1509 2301 1566 2342 ut
1585 2294 1709 2343 forte
1730 2296 1856 2343 inter
1877 2297 2241 2344 consultandum
2264 2299 2432 2346 incidit
2454 2315 2551 2347 ser-

754 2409 846 2448 mo,
869 2409 1009 2441 nemo
1029 2408 1086 2441 eo
1107 2395 1158 2440 in
1182 2400 1421 2441 conventu
1441 2399 1527 2441 aut
1549 2394 1703 2441 voluit
1724 2400 1811 2450 aut
1832 2408 1977 2441 ausus
1999 2394 2095 2441 fuit
2117 2395 2267 2442 alium
2284 2397 2344 2442 ad
2361 2411 2549 2445 sacrum

755 2493 1086 2554 magistratum
1118 2492 1375 2540 nominare.
1444 2491 1657 2539 Tantum
1691 2507 1747 2539 ea
1778 2498 2059 2553 tempestate
2093 2494 2378 2541 desiderium
2403 2493 2549 2556 (quod

755 2590 891 2637 nobis
912 2591 1072 2637 videre
1093 2591 1289 2637 minime
1313 2597 1386 2637 est
1408 2592 1700 2653 concessum)
1723 2592 1927 2652 pastoris
1950 2592 2034 2652 qui
2064 2592 2273 2652 optimus
2295 2600 2431 2648 esset,
2464 2594 2548 2640 ha-

759 2687 897 2734 bendi
920 2689 1192 2735 mortalium
1214 2689 1397 2735 animos
1420 2689 1686 2735 incesserat.
1732 2688 1901 2750 Itaque
1924 2704 2086 2737 omnes
2109 2692 2169 2736 ad
2193 2706 2342 2739 unum
2367 2692 2547 2739 Radul-

754 2784 903 2844 phum
926 2786 1192 2845 episcopum
1218 2786 1470 2833 declarant.
1539 2786 1836 2846 Radulphus,
1859 2802 1955 2847 quo
1977 2787 2185 2836 diximus
2215 2791 2371 2845 modo,
2393 2790 2546 2837 Aber-

755 2883 974 2930 donensis
996 2884 1240 2944 episcopus
1265 2890 1471 2939 vocatus,
1493 2884 1624 2931 haud
1652 2886 1754 2931 sine
1790 2887 1964 2939 summi
1998 2888 2232 2948 pontificis
2264 2890 2545 2936 auctoritate

756 2995 841 3026 sua
872 2996 930 3027 ex
958 2981 1148 3028 abbatia
1181 2987 1434 3037 extractus,
1465 2982 1767 3039 Aberdoniae‚
1797 2986 1961 3046 populi
1994 2987 2179 3049 ingenti
2212 3001 2322 3034 cum
2354 2989 2544 3050 gaudio,

757 3078 1029 3126 Alexandro
1061 3094 1171 3142 rege
1203 3087 1435 3140 presente,
1461 3088 1775 3138 consecratur,
1807 3097 1934 3135 anno
1962 3083 2142 3132 Christi
2171 3085 2421 3134 millesimo
2458 3088 2543 3133 du-
