2944 3906
1028 371 1484 415 EPISCOPORUM
1514 373 1690 416 VITAE.
2203 379 2251 418 ll

463 523 535 569 xit
571 523 775 583 penitus.
845 520 1007 567 Multa
1036 521 1130 596 alia
1160 520 1341 581 optimo
1371 522 1590 582 episcopo
1623 523 1769 584 digna
1803 523 1905 585 ejus
1935 523 2067 570 fuere
2098 539 2254 585 opera.

462 621 690 667 Pervenit
729 620 833 681 ejus
869 619 1166 680 episcopatus
1206 620 1268 665 ad
1300 619 1566 667 Alexandri
1599 622 1730 667 tertii
1765 636 1944 667 annum
1978 623 2254 670 vicesimum
2290 619 2415 666 A.D.
2443 620 2586 668 1278.

463 734 659 773 nonum,
682 733 778 779 quo
801 733 927 764 anno
945 719 996 764 in
1013 719 1171 765 insula
1186 720 1317 765 lacus
1335 720 1392 765 de
1407 719 1605 767 Gowllis
1628 721 1711 767 ubi
1729 721 1994 767 vicinorum
2012 737 2258 769 nemorum

465 816 740 864 amoenitate
763 819 1022 865 delectatus
1045 824 1189 865 senex
1212 832 1312 865 sese
1336 819 1620 874 continebat,
1652 820 1870 867 catarrho
1894 821 2162 867 exundante
2186 835 2264 867 su-

463 917 564 963 bito
586 917 783 963 interiit.

532 1116 602 1163 Et
625 1118 676 1163 in
699 1117 937 1163 demortui
960 1119 1116 1163 locum
1136 1116 1487 1164 HENRICUS
1510 1117 1744 1173 CHEIN,
1768 1120 1928 1181 regius
1955 1119 2264 1172 consiliariuS‚

465 1217 496 1262 J
498 1217 666 1263 oannis
691 1216 966 1277 Cummyni,
998 1218 1092 1263 viri
1124 1218 1250 1264 inter
1279 1224 1514 1264 nostrates
1538 1219 1762 1265 maximae
1786 1220 2100 1274 auctoritatis,
2124 1219 2269 1265 Cum-

466 1330 723 1376 mynorum
747 1316 992 1375 praecipui,
1016 1331 1076 1361 ex
1098 1331 1257 1362 sorore
1284 1332 1445 1377 nepos,
1468 1323 1540 1363 est
1562 1324 1829 1377 provectus.
1877 1318 2007 1364 Inito
2027 1318 2266 1365 Henricus

466 1414 762 1475 pontificatu,
796 1414 1120 1460 instaurandis
1148 1415 1338 1474 templis
1362 1420 1410 1460 et
1433 1414 1525 1461 Dei
1556 1417 1788 1462 ministris
1812 1417 1937 1462 illico
1962 1417 2134 1478 adjecit
2168 1417 2269 1462 ani-

467 1528 616 1559 mum.
685 1512 839 1559 Vetus
862 1514 1095 1572 templum
1118 1511 1458 1559 Aberdonense
1481 1514 1734 1560 demolitus
1757 1529 1936 1560 novum
1962 1515 2175 1560 edificare
2198 1515 2269 1560 in-

470 1612 607 1672 cepit.
670 1610 769 1657 Vix
792 1612 895 1672 jam
919 1610 1232 1657 fundamenta
1259 1612 1454 1673 jecerat,
1490 1628 1640 1674 quum
1663 1613 1829 1660 bellico
1852 1614 2064 1659 tumultu
2089 1613 2269 1667 oborto,

470 1710 754 1757 obturbatus
772 1710 960 1770 incepto
978 1711 1175 1756 destitit.
1228 1710 1491 1757 Enimvero
1509 1710 1715 1773 Anglica
1733 1727 1880 1766 arma,
1905 1713 2022 1758 duce
2039 1711 2269 1758 Eduardo

472 1811 644 1871 primo,
678 1824 840 1872 regem
863 1809 895 1854 J
896 1824 1098 1855 oannem
1122 1810 1180 1855 de
1203 1809 1407 1856 Balliolo
1431 1811 1481 1856 in
1507 1810 1664 1857 Scotia
1691 1811 1813 1857 bello
1845 1811 2067 1871 petivere.
2138 1809 2273 1856 Cres-

472 1909 606 1956 cebat
630 1909 783 1971 magis
807 1909 1057 1970 magisque
1086 1908 1138 1954 in
1161 1909 1260 1955 dies
1290 1909 1339 1954 id
1362 1909 1539 1955 bellum
1559 1923 1570 1954 z
1595 1910 1908 1970 impleverant
1931 1907 2081 1971 Angli
2110 1909 2271 1955 omnia

474 2008 655 2068 rapinis
670 2014 719 2054 et
733 2007 1093 2068 direptionibus.
1129 2007 1281 2068 Capto
1299 2008 1492 2054 tandem
1506 2007 1539 2054 J
1540 2024 1706 2063 oanne,
1725 2008 2091 2068 Londinumque
2113 2008 2273 2060 misso,

476 2114 627 2154 totam
667 2107 778 2153 belli
815 2107 915 2153 vim
956 2108 1007 2152 in
1042 2107 1309 2153 Robertum
1344 2107 1576 2153 Brusium
1615 2108 1753 2169 regni
1791 2108 2030 2154 haeredem
2065 2112 2273 2153 vertunt.

476 2206 635 2253 Erant
670 2206 846 2252 Brusio
881 2205 1131 2252 Scotorum
1167 2205 1364 2266 plurimi
1404 2205 1578 2252 infensi
1619 2205 1679 2251 ob
1724 2220 1900 2252 caesum
1939 2204 1999 2250 ab
2039 2214 2105 2251 eo¹
2128 2203 2161 2249 J
2162 2219 2275 2251 oan-

476 2321 588 2352 nem
621 2304 964 2366 Cummynum,
1004 2289 1088 2366 qui
1125 2304 1266 2351 rebus
1301 2320 1362 2351 ex
1396 2305 1632 2351 sententia
1672 2305 1882 2351 Roberto
1921 2303 2275 2350 succedentibus

476 2407 538 2452 ad
567 2420 721 2452 unum
744 2406 797 2451 in
819 2403 1002 2467 Anglia
1029 2405 1298 2450 exularunt.
1368 2403 1501 2451 Inter
1523 2419 1642 2465 quos
1668 2403 1920 2459 Henricus,
1944 2403 2028 2464 qui
2051 2402 2276 2449 avunculi

478 2509 637 2564 partes
661 2509 827 2550 contra
843 2503 1111 2550 Robertum
1133 2504 1259 2549 tueri
1283 2503 1547 2558 videbatur,
1571 2509 1643 2550 est
1666 2503 1971 2564 proscriptus.
2033 2501 2110 2548 Eo
2131 2515 2277 2562 prope

478 2603 706 2664 temporis
731 2603 959 2649 Brusiani
976 2602 1367 2650 Aberdonensem
1390 2618 1560 2658 arcem,
1584 2618 1729 2664 quam
1752 2603 1935 2663 aliquot
1958 2616 2106 2649 annos
2129 2599 2279 2646 maxi-

482 2717 562 2748 mo
580 2717 690 2748 cum
705 2701 954 2748 Scotorum
972 2702 1271 2748 incommodo
1285 2700 1436 2764 Angli
1453 2708 1720 2756 tenuerant,
1739 2699 2157 2747 Aberdonensibus
2175 2700 2279 2759 plu-

482 2803 662 2848 rimum
689 2801 1016 2862 suppetiarum
1041 2800 1363 2854 afferentibus,
1387 2806 1711 2862 expugnatam
1735 2801 1784 2846 vi
1809 2801 2016 2860 capiunt,
2040 2797 2171 2844 caesis
2194 2796 2278 2857 qui

486 2902 589 2964 ejus
606 2902 834 2948 custodiae
852 2900 1043 2947 fuerant
1060 2899 1284 2945 destinati
1301 2912 1313 2954 3
1339 2913 1393 2944 ac
1409 2899 1552 2959 paulo
1569 2904 1677 2959 post
1696 2913 1756 2944 ne
1769 2896 1943 2959 Anglis
1961 2897 2114 2942 ullum
2127 2893 2281 2941 Aber-

487 3000 644 3049 doniae
666 3006 933 3062 superesset
953 2999 1210 3062 refugium,
1242 2998 1372 3044 omni
1395 2998 1672 3058 supellectili
1695 2996 1974 3043 exhaustam
1999 2995 2099 3041 solo
2121 3007 2279 3054 aequa-
