2944 3906
726 501 780 539 22
1336 488 1877 535 ABERDONENSIUM

787 642 1035 689 Conventu
1052 642 1161 688 inde
1178 640 1302 687 facto
1320 640 1379 684 ad
1397 640 1447 685 in
1462 637 1697 684 demortui
1719 637 1874 682 locum
1898 634 2042 679 alium
2067 632 2404 687 sufficiendum,
2427 647 2502 679 ca-

719 740 992 786 nonicorum
1026 752 1256 785 consensu
1289 743 1430 796 atque
1464 735 1705 796 suffragio,
1731 730 2095 784 HENRICUS‚
2119 731 2323 776 Caesarei
2358 738 2499 792 atque

718 837 942 896 pontificii
955 838 1079 898 juris
1098 837 1272 888 doctor,
1289 834 1371 894 qui
1392 839 1505 879 tunc
1520 832 1779 878 Murraviae
1796 831 2068 876 divinarum
2087 844 2247 875 rerum
2265 845 2498 876 summam

716 935 1028 987 ministrabat,
1059 934 1300 993 episcopus
1335 933 1617 992 postulatur.
1666 929 1788 976 Erat
1824 929 2062 975 Henricus
2097 928 2278 975 familia
2315 931 2499 983 nobilis,

714 1030 917 1077 fortunis
940 1032 1204 1091 opulentus,
1228 1031 1442 1075 doctrina
1465 1030 1681 1091 insignis,
1700 1029 1801 1074 vita
1821 1028 1998 1090 gravis,
2021 1034 2068 1073 et
2086 1027 2146 1073 ob
2165 1028 2253 1074 hoc
2271 1029 2331 1074 ad
2354 1027 2500 1075 Aber-

713 1127 930 1174 donensis
954 1129 1152 1175 ecclesiae
1164 1129 1541 1190 jurisdictionem
1566 1132 1613 1172 et
1635 1126 1925 1188 religionem,
1948 1126 2258 1187 magistratus
2283 1126 2496 1173 absentia

715 1227 907 1284 paulum
932 1226 1274 1280 labefactatam,
1297 1226 1624 1285 reparandam,
1654 1226 1797 1270 simul
1819 1230 1961 1284 atque
1996 1224 2162 1283 templi
2186 1224 2492 1271 aedificiorum

715 1323 1068 1378 absolutionem,
1094 1325 1303 1370 omnium
1334 1323 1567 1368 sententia
1589 1322 1972 1367 commodissimu
2046 1321 2207 1374 Hunc,
2235 1322 2319 1366 ubi
2341 1322 2495 1368 Aber-

713 1422 963 1467 donensem
987 1422 1309 1481 pontificatum
1327 1421 1535 1466 delatum
1559 1419 1648 1466 sibi
1667 1424 1921 1479 acceperat,
1940 1419 2217 1479 aliquandiu
2240 1419 2492 1466 immotum

712 1519 893 1564 stetisse
916 1519 1089 1573 ferunt,
1124 1519 1315 1564 tandem
1337 1519 1406 1564 ita
1428 1519 1639 1563 locutum
1661 1531 1673 1562 ι
1707 1516 2096 1562 Aberdonensem
2124 1518 2227 1578 jam
2251 1519 2364 1563 novi
2387 1533 2492 1563 eam

710 1630 888 1661 sacram
911 1618 1070 1670 aedem,
1101 1631 1246 1676 quam
1268 1622 1324 1662 ut
1346 1616 1551 1676 deiparae
1579 1615 1754 1677 virgini
1777 1615 2055 1660 aedificarem
2079 1616 2332 1675 aliquando
2355 1616 2415 1661 ab
2438 1632 2493 1662 ea

711 1715 918 1760 monitus
941 1715 1013 1761 fui
1036 1731 1119 1775 per
1141 1716 1374 1776 quietem:
1409 1717 1652 1761 oraculum
1686 1730 1871 1775 sequar,
1894 1730 2080 1761 sacrum
2103 1714 2490 1762 Aberdonensem

714 1813 1045 1882 magistratum
1071 1811 1143 1870 (ea
1166 1814 1300 1875 duce)
1325 1813 1492 1868 obibo;
1523 1814 1583 1859 ad
1606 1813 1840 1859 labentem
1864 1814 1966 1875 ejus
1990 1814 2183 1859 domum
2214 1820 2262 1860 et
2291 1816 2493 1861 conden-

710 1909 818 1954 dam
841 1916 888 1955 et
917 1912 1242 1970 reparandam,
1275 1913 1430 1971 quoad
1454 1917 1632 1971 potere,
1664 1911 1916 1957 excubabo.
1984 1911 2127 1957 Dicto
2150 1912 2259 1957 inde
2282 1912 2491 1959 Moravi-

711 2008 810 2052 ensi
835 2010 1039 2054 ecclesiae
1073 2015 1275 2068 pastore,
1299 2006 1630 2055 Aberdoniam
1665 2010 1905 2064 concessit,
1939 2009 2022 2055 ubi
2057 2009 2283 2078 benevolo
2317 2011 2489 2058 affectu

706 2110 753 2149 et
774 2106 924 2150 multo
945 2105 1122 2151 honore
1144 2122 1173 2151 a
1195 2108 1317 2152 clero
1340 2113 1583 2166 susceptus
1609 2104 1760 2163 (flexis
1783 2108 1930 2152 animi
1953 2113 2001 2153 et
2024 2110 2231 2167 corporis
2250 2110 2486 2171 genubus)

707 2202 948 2261 episcopus
971 2204 1030 2249 ab
1053 2205 1268 2250 omnibus
1292 2207 1627 2250 consalutatur.
1678 2205 1808 2250 Nota
1830 2206 1922 2251 viri
1946 2206 2171 2265 probitas,
2195 2207 2486 2269 probataque

709 2301 1027 2354 sanctimonia,
1049 2307 1240 2361 gratum
1259 2303 1374 2347 adeo
1396 2303 1498 2363 ejus
1521 2302 1670 2348 fecere
1693 2303 1966 2348 adventum.
2023 2303 2192 2363 Neque
2214 2306 2347 2363 prius
2371 2321 2487 2365 pon-

708 2395 870 2442 tificias
893 2398 1011 2443 aedes
1034 2399 1218 2459 ingredi
1241 2400 1420 2458 optimo
1442 2400 1621 2458 placuit
1642 2399 1866 2459 pontifici,
1899 2414 2043 2459 quam
2077 2402 2242 2459 templi
2275 2402 2485 2448 inchoati

708 2493 860 2552 operis
883 2495 1078 2553 inspecti
1101 2497 1495 2555 complementum
1519 2511 1606 2542 sua
1628 2512 1715 2556 pro
1746 2497 1874 2542 virili
1904 2497 1979 2542 dei
2010 2499 2238 2558 genetrici
2270 2500 2485 2546 devovis-

707 2595 778 2635 set
797 2605 807 2633 :
832 2590 940 2635 inde
962 2605 1057 2636 non
1079 2594 1229 2638 multo
1251 2599 1357 2652 post
1380 2594 1620 2653 temporis,
1641 2594 1857 2654 tyrannis
1881 2609 1939 2639 ex
1962 2591 2320 2642 Aberdonensis
2344 2599 2484 2643 eccle-

709 2687 793 2731 siae
810 2688 936 2748 agris
959 2690 1178 2747 explosis,
1198 2691 1405 2750 undique
1427 2691 1567 2737 rebus
1590 2692 1783 2751 pacatis,
1807 2691 2126 2752 labefactaque
2154 2695 2381 2756 religione
2412 2711 2484 2742 re-

707 2789 886 2842 parata,
921 2786 1103 2831 meliori
1141 2788 1329 2833 vivendi
1367 2789 1587 2834 instituto
1620 2789 1935 2835 sacerdotibus
1972 2790 2203 2846 formatis,
2252 2794 2480 2853 lapidum,

709 2881 858 2934 calcis,
881 2887 1021 2942 atque
1045 2885 1244 2930 aliorum
1269 2901 1377 2945 quae
1407 2887 1466 2931 ad
1497 2887 1689 2932 aedificia
1716 2889 1976 2934 necessaria
1998 2890 2297 2943 videbantur,
2326 2897 2480 2938 strues

713 2983 760 3022 et
783 2982 1016 3040 congeries
1040 2985 1325 3029 coarcervari
1353 2984 1505 3046 jubet,
1533 2986 1732 3032 latomos
1758 2987 1969 3046 undique
1988 2987 2060 3058 ‘ad
2089 2988 2254 3046 templi
2284 2989 2481 3035 conditi-

714 3088 849 3120 onem
872 3080 1062 3125 accersit
1081 3094 1251 3140 :quam
1275 3098 1371 3129 non
1392 3084 1544 3129 multo
1566 3090 1673 3142 post
1695 3085 1905 3130 deserere
1922 3090 2108 3130 coactus
2126 3091 2211 3140 est,
2229 3089 2479 3135 accersitus
