2944 3906
995 442 1450 486 EPISCOPORUM
1479 442 1656 486 VITAE.
2168 447 2222 486 57

434 608 641 654 spexere,
675 593 927 645 hortantiS‚
955 591 1206 645 monentis,
1230 591 1481 651 precantis,
1517 605 1705 636 omnem
1729 591 1984 651 deposuere
2018 593 2227 652 pertina-

435 693 572 747 ciam,
604 706 706 738 rem
728 692 779 736 in
802 690 905 751 ejus
940 690 1150 735 detulere
1179 689 1445 735 arbitrium.
1467 728 1470 731 Α
1514 688 1663 735 Facta
1685 689 1795 735 inde
1819 690 1921 751 ejus
1945 705 2087 751 opera
2113 706 2227 751 pace

435 791 574 837 certis
595 788 779 851 legibus
802 789 929 834 inter
949 789 1163 849 populos,
1186 787 1219 833 J
1220 788 1407 843 acobus,
1424 787 1673 834 Wilhelmi
1694 789 1902 843 consilio,
1925 790 2134 849 primum
2157 791 2230 836 in-

436 891 710 935 sulanorum
732 893 1163 949 montanorumque
1185 893 1346 934 motus
1369 888 1658 948 compescuit
1685 885 1824 946 (solet
1845 888 1949 934 haec
1971 903 2103 950 gens,
2138 891 2230 935 nisi

435 987 566 1048 regia
599 986 875 1032 cohibeatur
914 987 1211 1041 auctoritate,
1247 1001 1433 1046 semper
1468 987 1695 1032 intestina
1730 988 1961 1033 seditione
1996 988 2229 1050 laborare)

434 1086 602 1132 deinde
641 1086 701 1131 ad
729 1085 946 1145 politiam
980 1084 1187 1131 urbanos
1221 1085 1477 1144 civilesque
1507 1098 1663 1130 mores
1692 1087 1887 1132 monitis
1923 1092 1971 1132 et
2004 1088 2232 1147 exemplis

436 1200 598 1231 omnes
629 1184 860 1230 incitavit.
929 1182 1109 1244 Ampla
1142 1183 1396 1229 aedificavit
1418 1183 1597 1244 palatia
1621 1182 1922 1245 Stryvilingi,
1946 1183 2233 1247 Edinburgi,

438 1283 771 1337 Falcolandiae,
806 1283 1091 1342 ornavitque
1121 1298 1177 1328 ea
1205 1282 1359 1328 multa
1392 1287 1440 1328 et
1474 1283 1682 1342 pretiosa
1710 1280 2015 1342 supellectili.
2073 1283 2235 1338 Multi,

439 1383 565 1444 regis
589 1383 860 1442 exemplum
883 1381 1047 1435 secuti,
1072 1395 1172 1427 sese
1195 1381 1247 1426 in
1270 1381 1372 1442 ejus
1396 1395 1551 1426 mores
1574 1379 1859 1426 formarunt.
1922 1380 2184 1441 Populares
2208 1397 2237 1427 a

438 1486 718 1543 magnatum
749 1480 1000 1527 tutabatur
1022 1479 1234 1541 injuria3
1270 1484 1533 1541 magnates,
1568 1480 1746 1539 partim
1774 1477 2023 1526 clementia
2050 1486 2098 1526 et
2124 1481 2239 1526 libe—

440 1580 643 1633 ralitate,
666 1580 842 1638 partim
865 1579 1122 1637 poenarum'
1144 1582 1277 1623 metu
1300 1582 1348 1623 et
1371 1578 1667 1632 auctoritate,
1700 1556 2059 1639 concordi-pace
2073 1575 2076 1578 ’
2090 1575 2239 1626 couti-

440 1677 561 1723 nuit.
629 1675 765 1738 Ergo
787 1677 915 1736 quod
937 1691 1033 1736 pax
1063 1690 1212 1737 regno
1234 1676 1434 1730 reddita,
1457 1676 1667 1722 insulani
1691 1675 1874 1731 domiti,
1897 1685 2144 1739 magnates
2173 1678 2240 1724 ef-

440 1775 552 1822 fecti
580 1776 846 1828 concordes,
880 1776 1195 1844 undequaque
1228 1774 1399 1834 plebeii
1433 1775 1722 1837 injuriarum
1757 1781 1890 1822 metu
1923 1775 2083 1830 levati,
2119 1776 2242 1822 Wil-

441 1874 588 1919 helmi
626 1888 803 1935 magna
836 1888 895 1919 ex
934 1876 1070 1933 parte
1103 1873 1198 1919 fuit
1232 1888 1366 1933 opus,
1401 1872 1756 1934 Wilhelmoque
1798 1871 2122 1929 tribuendum,
2157 1876 2240 1934 qui

442 1987 528 2019 nec
550 1972 766 2033 publicus
789 1987 876 2018 nec
898 1972 1115 2032 privatus
1146 1972 1238 2018 sibi
1261 1972 1385 2018 vixit
1409 1987 1638 2032 unquam,
1662 1973 1744 2018 sed
1766 1973 1938 2033 patriae
1959 1968 2241 2034 publicoque

443 2071 703 2125 commodo,
738 2086 835 2117 non
867 2072 1013 2117 maris
1043 2086 1142 2117 non
1179 2077 1322 2117 terrae
1355 2072 1566 2131 pericula
1595 2071 1868 2125 exhorrenS,
1902 2086 1999 2117 non
2034 2073 2241 2132 corporis

448 2184 644 2230 parcens
684 2169 1012 2223 imbecillitati,
1051 2184 1148 2215 non
1183 2170 1349 2223 aetati3
1399 2169 1519 2215 illud
1553 2170 1680 2214 enim
1715 2171 1758 2215 ei
1791 2169 1886 2216 fuit
1919 2171 2154 2230 peculiare
2188 2177 2244 2217 ut

445 2269 664 2330 gerendis
694 2268 835 2325 rebus
866 2268 1104 2314 industria
1134 2253 1363 2322 studium,
1397 2273 1446 2314 et
1478 2268 1638 2314 studio
1668 2268 1955 2313 industriam
1984 2275 2244 2328 superaret,

447 2367 624 2427 quippe
646 2367 730 2427 qui
753 2382 863 2427 quae
885 2367 1121 2426 posterius
1145 2371 1308 2427 egerat
1331 2381 1516 2426 semper
1533 2366 1666 2412 visus
1690 2372 1762 2412 est
1779 2367 1930 2428 egisse
1953 2366 2242 2428 diligentius.

450 2464 623 2511 Tantae
646 2470 896 2525 propterea
919 2465 1215 2511 auctoritatis
1239 2466 1367 2525 apud
1384 2464 1417 2510 J
1418 2464 1617 2511 acobum
1635 2464 1874 2518 Quartum
1894 2461 1986 2522 (uti
2004 2462 2076 2510 est
2099 2466 2246 2526 signi-

450 2564 663 2626 ficatum)
692 2570 749 2610 ut
781 2565 968 2624 quoties
998 2564 1068 2609 illi
1102 2564 1330 2625 quicquid
1358 2565 1598 2626 agendum
1628 2579 1738 2610 cum
1772 2564 1886 2618 suis,
1921 2564 2107 2624 quoties
2137 2579 2245 2609 cum

454 2662 676 2716 externis,
694 2663 879 2722 quoties
897 2668 983 2709 aut
995 2661 1149 2709 foedus
1172 2661 1440 2708 feriendum
1458 2677 1567 2708 cum
1585 2662 1792 2724 regibus,
1816 2667 1901 2708 aut
1922 2677 2018 2722 pax
2041 2663 2247 2708 ineunda

454 2775 562 2806 cum
580 2761 836 2820 provinciis
855 2766 903 2806 et
920 2761 1209 2815 civitatibus,
1223 2776 1409 2822 semper
1427 2761 1531 2807 haec
1545 2761 1806 2807 Wilhelmo
1824 2766 1960 2807 erant
1973 2755 2262 2814 commissa,

454 2859 577 2904 nihil
599 2859 761 2921 gessit,
783 2858 906 2904 nihil
927 2859 978 2904 in
1001 2859 1396 2905 consultationem
1419 2860 1618 2906 deduxit
1639 2858 1673 2904 J
1673 2859 1845 2906 acobus
1871 2859 2097 2912 Quartus,
2121 2860 2248 2918 quod

455 2973 553 3004 non
569 2957 820 3003 Wilhelmi
843 2957 1037 3004 consilio
1054 2962 1244 3019 gestum
1266 2956 1425 3003 fuerat
1447 2962 1496 3002 et
1517 2957 1843 3003 deliberatum.
1902 2956 2053 3002 Carus
2076 2957 2250 3003 idcirco

461 3062 509 3103 et
541 3056 822 3103 venerabilis
856 3055 1049 3116 plebeiis
1078 3054 1383 3109 Wilhelmus,
1417 3070 1554 3101 carus
1588 3055 1908 3117 magnatibus,
1938 3055 2251 3116 omnibusque

1334 3165 1373 3199 H
