2944 3906
961 415 1418 461 EPISCOPORUM
1446 414 1623 458 VITAE
1972 416 1974 419 ’
2134 415 2189 453 63

399 569 636 616 abbatiam
672 567 1063 628 Dryburgensem
1086 564 1491 610 commendatione
1518 563 1731 622 adeptus.
1801 561 2015 608 Functus
2047 567 2118 607 est
2150 563 2190 607 is

399 668 565 715 multis
587 663 918 729 legationibuS,
934 678 1105 725 regum
1122 663 1264 725 jussu
1279 668 1425 723 atque
1448 660 1698 707 Scotorum
1720 661 2107 721 magistratuum,
2130 661 2190 706 ad

401 767 559 813 varios
592 747 843 825 principes,
878 762 1013 808 varia
1045 777 1209 824 regna,
1249 761 1500 822 variasque
1531 759 1763 813 civitateS,
1797 758 1970 818 quibus
2004 759 2192 821 insigne

399 879 572 912 nomen
595 868 667 908 est
689 862 903 922 adeptus.
952 860 1190 907 Henricus
1209 860 1453 921 Spitalius,
1475 858 1605 904 haud
1627 857 1841 920 vulgaris
1864 858 2122 903 doctrinae:
2151 858 2191 902 is

399 964 731 1016 adolescentes,
752 961 1033 1021 priusquam
1051 959 1241 1006 altiores
1264 963 1446 1019 peteret
1463 957 1749 1017 disciplinaS‚
1773 956 2006 1017 quosdam
2030 961 2195 1002 exacta

400 1061 648 1123 diligentia
680 1058 927 1106 nobiscum
960 1059 1012 1104 in
1045 1057 1347 1119 philosophia
1379 1057 1602 1110 erudivit,
1624 1054 1872 1102 Wilhelmi
1904 1056 2056 1101 nostri
2089 1070 2197 1117 cog-

407 1166 564 1214 natus,
588 1166 635 1206 et
659 1159 719 1206 ob
740 1158 831 1206 hoc
852 1159 1006 1206 multo
1033 1156 1169 1204 nobis
1201 1157 1367 1203 carior.
1436 1154 1684 1201 Arthurus
1708 1153 1921 1207 Boetius,
1949 1154 2078 1200 mihi
2092 1169 2198 1216 ger·

401 1274 587 1313 manus,
621 1259 673 1304 in
707 1234 947 1318 pontificio
974 1258 1086 1319 jure
1117 1257 1295 1310 doctor,
1325 1256 1378 1302 in
1400 1255 1548 1302 civico
1584 1251 1659 1312 (ut
1689 1243 1873 1314 dicunt)
1909 1253 2195 1324 licentiatus,

402 1359 479 1404 vir
501 1359 667 1404 multae
702 1357 946 1410 doctrinae,
979 1357 1087 1416 plus
1110 1356 1359 1402 literarum
1381 1355 1534 1401 indies
1561 1358 1913 1406 consecuturuS,
1929 1354 2066 1413 'quod
2099 1358 2200 1399 stu-

402 1458 535 1503 dium
559 1457 601 1502 ei
636 1462 883 1516 permanet
906 1455 1066 1501 animo
1087 1453 1337 1508 indefesso,
1371 1453 1616 1499 nobiscum
1647 1453 1762 1514 jura
1783 1452 1860 1511 pie
1884 1457 1932 1497 et
1954 1452 2069 1497 scite
2091 1466 2202 1512 pro-

401 1555 576 1602 fitetur.
631 1554 725 1600 Est
747 1554 798 1598 in
822 1568 877 1599 eo
901 1553 974 1598 vis
998 1558 1045 1598 et
1067 1552 1280 1613 gravitas
1304 1525 1571 1611 eloquendi,
1594 1567 1623 1596 a
1644 1552 1831 1613 vulgari
1857 1565 2029 1612 genere
2051 1552 2201 1611 pluri·-

401 1669 535 1700 mum
552 1653 826 1699 abhorrens.
854 1650 1128 1697 Alexander
1136 1649 1513 1703 Gallovidianus,
1533 1650 1584 1695 in
1601 1650 1824 1695 canonico
1840 1649 1952 1710 jure
1972 1650 2201 1709 eruditus,

401 1767 528 1799 nunc
552 1751 904 1812 Kynkeldensis
931 1755 1100 1810 rector,
1132 1750 1316 1810 aliquot
1345 1763 1495 1795 annos
1523 1754 1633 1794 ante
1656 1747 1906 1794 Wilhelmi
1928 1748 2203 1794 nostriexi-

402 1859 507 1898 tum
538 1851 662 1897 tanti
691 1846 819 1910 apud
848 1864 959 1895 eum
987 1848 1195 1903 habitus,
1226 1854 1282 1894 ut
1311 1863 1431 1909 pene
1453 1848 1586 1893 nulla
1608 1846 1838 1907 pontificii
1861 1847 2054 1908 negotia
2075 1847 2203 1894 iUius

402 1951 504 1996 sine
535 1949 682 1995 duct-u
713 1952 982 2010 agerentur.
1051 1946 1261 1993 «Ioannes
1285 1946 1599 2007 Lyndesayus
1623 1951 1671 1992 et
1692 1944 1966 1991 Alexander
1989 1945 2205 1992 Lauren-

403 2048 517 2102 tius,
534 2048 660 2093 inter
677 2047 961 2093 clarissimos
979 2045 1287 2108 jurisperitos
1306 2045 1417 2107 jure
1433 2045 1745 2091 numerandi:
1774 2059 1979 2104 quorum
1996 2043 2028 2090 J
2030 2059 2204 2091 oannes

405 2161 454 2192 se
485 2146 639 2206 qualis
663 2145 857 2192 futurus
881 2150 984 2191 erat
1015 2150 1244 2204 praestare
1273 2159 1370 2191 non
1398 2145 1571 2205 potuit,
1596 2143 1796 2190 florente
1825 2150 1968 2191 aetate
1996 2143 2097 2190 fato
2127 2143 2208 2190 ab·

404 2250 625 2306 sumptus
641 2258 655 2300 ς
679 2243 968 2298 Alexander,
985 2243 1158 2304 spretis
1173 2244 1309 2290 vanis
1331 2241 1409 2302 (ne
1426 2243 1580 2289 dicam
1598 2243 1800 2303 insanis)
1816 2242 1985 2288 mundi
2002 2243 2206 2304 gaudiis,

405 2358 579 2404 paucos
614 2343 787 2389 abhinc
820 2343 919 2388 dies
954 2357 1141 2388 sacrum
1172 2342 1546 2403 praedicatorum
1579 2342 1795 2388 ordinem
1827 2342 2086 2403 ingressus,
2121 2343 2201 2402 pio

406 2456 571 2488 eorum
605 2442 827 2487 instituto
860 2447 1093 2501 perpetuo
1127 2456 1227 2487 sese
1262 2441 1459 2487 addixit.
1526 2440 1687 2487 David
1720 2440 1930 2494 Menzes,
1965 2434 2208 2487 sacrarum

407 2541 655 2586 literarum
687 2541 856 2594 cultor,
895 2539 1199 2586 concionibus
1232 2541 1496 2600 plurimum
1526 2541 1721 2595 valens3
1758 2541 1810 2586 in
1843 2555 1939 2600 quo
1974 2541 2080 2586 viro
2111 2554 2209 2587 non

411 2644 512 2684 tam
526 2638 744 2692 eruditio,
759 2653 903 2699 quam
918 2639 1076 2686 virtus
1094 2653 1376 2699 morumque
1393 2640 1605 2702 gravitas
1623 2639 1843 2685 omnibus
1861 2645 1932 2685 est
1951 2620 2217 2700 perspecta.⁸

413 2736 445 2782 J
447 2751 622 2783 oannes
641 2736 922 2798 Grysonius,
938 2737 1178 2784 Robertus
1203 2737 1473 2793 Insulanus,
1492 2744 1539 2785 et
1555 2738 1829 2786 Alexander
1846 2737 2066 2792 Aulicus,
2089 2749 2212 2798 prae-

411 2835 628 2881 dicatorii
645 2836 855 2882 instituti
870 2835 978 2889 viri,
994 2835 1204 2898 theologi
1219 2837 1706 2896 spectabilesscientia
1720 2844 1768 2884 et
1780 2839 1969 2899 pietate.
2003 2836 2036 2882 J
2037 2851 2211 2883 oannes

411 2932 644 2988 Adamus,
663 2950 808 2980 sacrae
830 2934 1082 2996 theologiae
1099 2933 1350 2994 professor,
1367 2935 1544 2995 pietate
1563 2936 1741 2998 insigni
1759 2942 1902 2996 atque
1918 2935 2181 2981 eruditione
2197 2949 2211 2990 ;

412 3033 595 3092 primus
618 3035 700 3094 qui
720 3032 1010 3080 Aberdoniae
1034 3033 1299 3096 magisterii
1316 3032 1566 3097 fastigium
1588 3050 1645 3081 ea
1667 3035 1718 3081 in
1735 3034 1959 3081 facultate
1981 3041 2054 3081 est
2075 3036 2215 3096 adep·
