2944 3906
1050 380 1505 425 EPISCOPORUM
1533 383 1711 426 VITAE.
2222 393 2271 432 13

479 535 633 575 torem
657 529 948 576 Christianae
979 527 1222 602 religionis
1255 530 1742 587 observantissimum,
1777 534 1986 581 'canonici
2020 536 2271 585 sufficiunt.

479 626 528 674 Is
552 627 747 674 obtento
769 628 1056 689 magistratu
1078 630 1139 675 ad
1161 631 1404 692 religionis
1427 636 1475 677 et
1496 632 1687 691 pietatis
1711 633 2069 692 reparationem,
2100 638 2272 696 praedi-

480 725 743 772 cationibus
768 731 815 772 et
837 728 1195 783 monitionibus,
1218 729 1390 789 quibus
1413 731 1676 790 plurimum
1701 731 1761 777 ob
1784 732 2047 778 doctrinam
2071 736 2270 790 valebat,

480 825 605 870 illico
629 840 679 870 se
702 830 859 872 totum
884 828 1098 873 contulit.
1169 827 1311 881 Quod
1332 835 1389 874 ut
1410 828 1596 875 facilius
1630 836 2007 891 consequeretur,
2030 832 2277 893 disciplina

482 924 799 970 ecclesiastica
822 926 1032 971 eruditos
1055 927 1370 987 undequaque
1387 928 1598 987 praemiis
1624 930 1684 974 ad
1707 944 1756 974 se
1779 931 1966 976 allectos
1986 945 2143 977 secum
2161 946 2281 978 sem-

481 1038 567 1083 per
590 1038 690 1069 esse
714 1024 879 1070 voluit.
951 1023 1139 1085 Hyeme
1163 1025 1425 1072 Murthlaci
1447 1026 1697 1081 habitavit,
1726 1041 1836 1073 vere
1858 1027 2160 1085 Aberdoniae,
2183 1045 2278 1091 quo

483 1123 972 1185 quadragesimalibus
1004 1126 1148 1171 sacris
1179 1126 1292 1171 illuc
1323 1125 1610 1172 confluentes
1642 1127 1820 1181 docere,
1855 1128 1915 1173 ab
1950 1144 2087 1188 aequo
2119 1130 2278 1175 devios

482 1238 614 1269 more
637 1223 808 1283 punire
831 1223 1155 1278 ecclesiastico,
1184 1223 1411 1270 Paschale
1435 1239 1622 1270 sacrum
1645 1226 1899 1272 solenniori
1922 1233 2155 1287 apparatu
2176 1242 2280 1287 per-

483 1336 623 1384 agere
657 1321 808 1381 possit
842 1322 1167 1378 commodius3
1209 1328 1375 1369 aestate
1407 1329 1455 1370 et
1489 1329 1720 1370 autumno
1749 1324 2012 1386 Feterneyr
2042 1332 2090 1372 et
2121 1326 2280 1372 Rain:

483 1426 540 1466 ut
556 1421 667 1465 inde
683 1421 736 1465 in
753 1435 944 1465 omnem
962 1420 1173 1466 dioecesis
1190 1422 1348 1466 locum
1363 1423 1423 1467 ad
1438 1424 1668 1482 populum
1683 1424 1993 1469 erudiendum
2008 1439 2281 1486 erroresque

485 1520 588 1580 ejus
612 1519 930 1564 emendandos
961 1518 1148 1565 facilius
1179 1520 1345 1574 iretur,
1376 1520 1687 1580 praefatorum
1714 1522 1915 1583 singulis
1939 1529 2145 1582 quatuor
2167 1525 2281 1570 locis

485 1617 776 1678 pontificales
805 1618 930 1664 aedes
956 1614 1093 1679 (quas
1121 1619 1342 1679 praesulis
1373 1620 1642 1665 mansiones
1671 1620 1989 1682 appellabant)
2013 1627 2282 1667 construere

486 1717 697 1777 incepit;
739 1718 858 1763 duas
893 1717 1111 1772 absolvit,
1140 1719 1339 1764 alteram
1363 1716 1667 1772 Aberdoniae,
1698 1719 1896 1765 alteram
1926 1720 1978 1764 in
2001 1719 2283 1781 Fetyrneyr,

489 1817 655 1863 bellico
687 1818 902 1863 tumultu
925 1831 1021 1877 quo
1044 1823 1151 1863 tum
1174 1815 1325 1879 Angli
1356 1833 1465 1863 cum
1488 1816 1717 1863 Eduardo
1745 1818 1803 1862 de
1826 1816 2030 1863 Balliolo
2059 1831 2284 1880 magnam

489 1917 697 1979 regionis
720 1922 907 1977 partem
930 1916 1231 1971 attriverant,
1255 1917 1386 1962 varie
1409 1916 1643 1963 turbatus.
1685 1915 1780 1961 Per
1801 1917 1850 1961 id
1874 1922 2060 1976 tempus
2084 1917 2285 1978 triginta

489 2031 635 2063 naves
669 2016 954 2078 Anglicanae
992 2017 1045 2062 in
1085 2017 1289 2063 statione
1329 2016 1491 2076 portui
1524 2014 1855 2062 Aberdonensi
1894 2015 2113 2075 proxima
2145 2022 2288 2062 noctu

485 2119 640 2180 jecere
675 2117 921 2171 anchoras,
954 2117 1082 2162 unde
1116 2116 1345 2176 expositae
1369 2116 1518 2175 copiae
1540 2116 1591 2161 in
1615 2121 1792 2161 terram
1815 2128 1934 2174 pene
1963 2113 2287 2160 Aberdoniam

491 2218 625 2278 prius
649 2222 763 2263 sunt
784 2217 1013 2278 ingressae
1037 2230 1183 2276 quam
1209 2215 1334 2260 cives
1359 2228 1436 2260 eas
1460 2214 1706 2259 advenisse
1729 2217 1990 2258 senserunt.
2049 2210 2287 2271 Sequutus

491 2331 643 2377 pavor
656 2317 840 2378 ingenS,
855 2321 1103 2375 terrorque
1117 2314 1347 2368 omnium,
1358 2319 1414 2359 ut
1427 2311 1952 2366 hominum,mulierum
1966 2315 2108 2370 atque
2122 2323 2290 2369 puero-

493 2432 604 2463 rum
634 2415 925 2478 fugientium
958 2413 1130 2461 turmis
1162 2414 1340 2474 passim
1367 2413 1460 2458 viae
1488 2412 1847 2472 complerentur.
1915 2407 2068 2470 Angli
2102 2412 2290 2468 accepta

496 2516 625 2561 clade
642 2515 735 2577 (cuj
741 2530 797 2561 us
812 2520 923 2560 ante
940 2513 1264 2573 meminimus)
1274 2512 1398 2572 apud
1408 2493 1745 2562 Aberdoniam,
1759 2509 1832 2554 ira
1844 2507 2010 2568 perciti
2029 2506 2289 2566 complures

495 2613 911 2660 Aberdonensium
934 2613 1178 2659 trucidant
1197 2624 1209 2657 ε
1244 2610 1411 2657 urbem
1434 2610 1578 2656 simul
1600 2614 1743 2669 atque
1764 2606 1998 2668 pontificis
2028 2610 2076 2651 et
2103 2604 2291 2650 canoni-

497 2727 662 2760 corum
679 2712 803 2759 aedes
822 2712 953 2757 omni
971 2711 1251 2771 supellectili
1268 2711 1518 2770 populatas
1541 2708 1813 2755 incendunt.
1866 2704 2004 2751 Arsit
2020 2702 2293 2750 Aberdonia

499 2827 585 2859 sex
602 2812 717 2867 dies,
739 2810 941 2873 lugubre
959 2808 1257 2856 intuentibus
1280 2809 1615 2868 spectaculum.
1650 2806 1904 2866 Pepercere
1922 2804 2080 2849 hostes
2103 2799 2292 2860 templis

498 2913 675 2973 pietate
698 2912 818 2957 moti
839 2923 850 2956 τ
885 2909 1216 2971 religiosorum
1239 2920 1428 2967 quoque
1451 2905 1667 2959 abbatiis,
1690 2902 1962 2949 custodibus
1986 2899 2210 2946 adhibitis
2234 2913 2294 2944 ne

500 3011 710 3058 torribus
727 3009 955 3057 faculisve
973 3013 1117 3055 vento
1140 3021 1226 3068 per
1248 3020 1359 3052 aera
1381 3005 1512 3060 actis,
1536 3004 1619 3065 qui
1643 3008 1749 3049 tum
1771 3001 1894 3048 forte
1918 2999 2171 3046 vehemens
2195 3003 2295 3044 erat
