2944 3906
704 553 760 593 66
1323 550 1873 597 ABERDONENSIUM

703 703 887 752 vocant,
909 698 1046 759 pueri
1067 704 1277 760 septem:
1311 702 1395 762 qui
1418 701 1608 748 altiores
1630 701 1902 762 disciplinas
1918 700 2266 763 profiterentur,
2284 708 2491 763 quatuor

699 796 941 852 doctores;
976 798 1160 858 primus
1194 797 1457 861 theologus,
1496 799 1589 853 cui,
1633 797 1882 845 Wilhelmi
1923 799 2090 854 edicto,
2128 801 2287 847 caeteri
2328 815 2491 848 omnes

698 900 858 941 essent
880 895 1157 951 audientes;
1192 896 1243 942 in
1274 896 1517 956 pontificio
1543 897 1656 959 jure
1686 897 1949 952 secundus;
1973 897 2145 944 tertius
2169 898 2221 945 in
2243 897 2488 954 Caesare03

699 993 912 1039 medicus
950 1000 1183 1054 quartus:
1223 993 1513 1042 baccalaurei
1545 992 1620 1054 (ut
1649 995 1834 1058 dicunt)
1864 996 2039 1051 decem,
2075 997 2159 1057 qui
2194 1003 2242 1044 et
2277 998 2490 1045 doctores

695 1090 916 1137 audirent
948 1097 997 1138 et
1029 1092 1272 1138 erudirent
1307 1093 1454 1149 alios3
1489 1093 1661 1140 horum
1701 1094 1972 1155 praecipuus
2006 1093 2384 1156 subprincipalis,
2414 1098 2490 1143 cui

699 1190 959 1235 secundum
989 1190 1298 1251 principalem
1332 1206 1521 1238 summa
1553 1198 1626 1239 est
1664 1193 1715 1239 in
1755 1192 1953 1255 collegio
1985 1193 2215 1253 permissa
2249 1200 2490 1253 potestas:

696 1288 1054 1347 quatuordecim
1077 1288 1408 1344 adolescentes,
1430 1291 1659 1350 pollentes
1682 1290 1890 1352 ingenio,
1921 1290 2005 1350 qui
2028 1290 2338 1351 philosophiae
2359 1292 2490 1340 insu-

695 1385 893 1431 darent:
917 1387 968 1431 in
1001 1386 1222 1431 humanis
1250 1386 1400 1432 literis
1434 1393 1694 1447 praeceptor
1723 1387 1954 1442 eruditus,
1982 1393 2040 1434 ut
2067 1388 2172 1450 ejus
2200 1403 2344 1450 opera
2378 1390 2490 1438 ado-

696 1484 939 1537 lescenteS,
962 1483 1240 1544 priusquam
1263 1484 1611 1546 philosophiam
1635 1485 1836 1540 adirent,
1857 1486 2169 1548 grammatica
2181 1486 2487 1545 imbuantur-3

693 1580 781 1627 hoc
823 1581 1088 1627 literarium
1128 1596 1304 1629 munus
1348 1582 1381 1628 J
1382 1597 1557 1630 oannes
1603 1582 1801 1638 Vascus,
1850 1582 2203 1632 Aberdonensis
2246 1589 2486 1648 gymnasii

692 1681 930 1734 alumnus,
962 1695 1090 1727 nunc
1119 1682 1387 1743 exequitur,
1420 1683 1473 1728 in
1494 1682 1584 1729 hoc
1605 1697 1779 1745 genere
1799 1683 2063 1743 disciplinae
2093 1685 2350 1731 admodum
2381 1701 2488 1733 eru-

693 1781 837 1835 ditus,
872 1795 1087 1828 sermone
1127 1782 1332 1844 elegans,
1366 1782 1614 1829 sententiis
1651 1788 1897 1836 venustus,
1927 1782 2088 1829 labore
2125 1784 2347 1832 invictus.
2414 1786 2482 1833 Hi

695 1886 750 1925 ut
772 1894 936 1926 omnes
960 1881 1105 1927 sacris
1139 1881 1425 1942 exequendis
1459 1882 1685 1928 intersint
1718 1882 1833 1956 dum
1866 1881 2056 1942 publico
2089 1883 2300 1931 literario
2327 1885 2487 1932 labore

695 1977 976 2033 abstinetur,
1000 1977 1249 2025 Wilhelmi
1273 1986 1346 2026 est
1368 1980 1662 2026 mandatum.
1714 1979 1858 2026 AEdes
1881 1980 2086 2042 singulae
2108 1982 2246 2028 condi
2269 1982 2485 2043 inceptae,

692 2078 903 2124 canonici
931 2078 1061 2140 juris
1095 2077 1366 2139 professori,
1389 2077 1611 2133 Caesarei,
1641 2078 1837 2133 medico,
1866 2079 2193 2141 grammatico,
2227 2095 2256 2126 a
2289 2082 2486 2144 collegio

692 2183 898 2223 secretae.
968 2176 1072 2223 Has
1096 2176 1382 2224 Wilhelmus
1405 2192 1503 2224 non
1528 2177 1747 2231 absolvit,
1777 2183 1931 2224 morte
1961 2183 2205 2238 correptus
2233 2179 2487 2241 intempes-

690 2275 806 2320 tiva.
860 2274 1059 2337 Collegii
1082 2276 1329 2335 templum,
1353 2282 1525 2330 turres,
1549 2281 1598 2322 et
1620 2276 1745 2322 aedes
1768 2290 1888 2337 pene
1911 2290 2089 2331 omnes,
2112 2283 2237 2325 tecto
2262 2279 2485 2340 plumbeo

691 2374 890 2433 operuit.
960 2372 1190 2434 Sumptus
1223 2374 1398 2436 quibus
1438 2389 1601 2421 omnes
1636 2374 1833 2421 honeste
1864 2376 2014 2422 vitam
2049 2382 2386 2433 sustentarent,
2426 2394 2486 2426 ex

689 2472 898 2532 praediis,
921 2473 1065 2535 agris,
1083 2478 1131 2519 et
1147 2473 1470 2520 ecclesiasticis
1487 2473 1766 2528 redditibus,
1783 2474 1971 2536 magnis
1990 2473 2237 2522 Wilhelmi
2254 2476 2482 2537 impensis

691 2574 739 2615 et
775 2584 918 2629 opera
950 2571 1115 2631 partis,
1149 2573 1452 2632 proveniunt.
1522 2571 1623 2618 Nec
1655 2571 1829 2633 quibus
1859 2572 2231 2634 significavimus
2265 2576 2486 2635 operibus

687 2666 1021 2729 laboribusque
1056 2670 1224 2724 lassus,
1268 2685 1354 2716 nec
1398 2670 1690 2730 quotidianis
1731 2670 2134 2730 occupationibus,
2174 2675 2487 2721 contentioni-

688 2765 791 2821 bus,
814 2766 1028 2822 decretis,
1062 2767 1503 2822 consultationibuS,
1540 2782 1660 2828 quas
1693 2782 1781 2828 pro
1811 2767 1999 2828 publico
2032 2771 2278 2817 commodo
2308 2772 2483 2828 obibat,

688 2867 769 2912 sed
799 2872 1028 2928 tanquam
1059 2867 1357 2914 centimanus
1389 2864 1462 2924 (ut
1494 2867 1676 2927 poetica
1709 2872 1780 2912 est
1810 2866 1956 2928 fictio)
1991 2867 2042 2912 in
2077 2882 2264 2915 omnem
2298 2875 2483 2930 partem

689 2979 788 3011 sese
822 2972 1117 3019 convertens,
1151 2966 1316 3013 multis
1347 2972 1396 3012 et
1429 2966 1629 3012 diversis
1663 2966 1777 3012 locis
1810 2968 2035 3026 praeclara
2068 2967 2278 3014 facinora
2307 2968 2481 3016 obibat.

693 3061 963 3122 Templum,
978 3064 1062 3111 ubi
1084 3064 1314 3125 primaria
1337 3063 1691 3111 Aberdonensis
1705 3065 1851 3119 sedes,
1867 3065 2015 3111 veluti
2037 3066 2098 3111 ad
2114 3065 2218 3127 ejus
2241 3067 2384 3113 unius
2406 3069 2485 3114 de-

691 3167 1020 3208 coramentum
1039 3161 1133 3209 Dei
1150 3162 1443 3225 benignitate
1459 3161 1628 3208 fuisset
1644 3162 1851 3208 delectus
1869 3163 2079 3217 antistes,
2098 3163 2262 3211 multis
2277 3165 2485 3214 donariis
