2944 3906
640 534 696 575 4⁶
1262 529 1806 575 ABERDONENSIUM

640 675 971 728 illustrissime,
989 688 1046 721 ea
1061 674 1181 721 mihi
1203 676 1388 723 dicendi
1408 677 1497 731 vis,
1517 678 1594 723 vel
1609 682 1792 724 natutae
1809 676 2101 739 benignitate
2118 691 2334 725 concessa
2351 681 2427 727 vel

639 776 781 836 longa
802 773 1071 821 studiorum
1094 775 1427 821 exercitatione
1450 780 1591 836 parta
1605 781 1743 830 esset,
1761 789 1868 837 quoe
1882 781 1976 823 tuae
1989 777 2247 823 clementiae
2269 779 2428 839 aliqua

638 874 803 919 saltem
828 887 888 919 ex
916 879 1051 934 parte
1073 873 1224 933 possit
1245 874 1512 920 convenire.
1579 873 1673 920 Sed
1702 873 1763 920 ab
1786 873 1946 921 Aonio
1967 873 2100 922 fonte
2135 872 2309 934 (nescio
2331 892 2428 938 quo

638 973 744 1029 deo)
767 972 1049 1033 prohibitus,
1067 986 1123 1018 eo
1137 972 1307 1018 deveni
1329 978 1386 1019 ut
1403 978 1590 1019 oratore
1612 973 1812 1036 dignum
1830 972 1953 1020 nihil
1969 988 2184 1035 unquam
2206 982 2429 1035 praestare

637 1077 837 1133 potuero
857 1083 868 1117 :
892 1070 1066 1117 idcirco
1082 1085 1180 1117 non
1197 1070 1459 1126 miraberiS,
1483 1086 1636 1132 spero,
1653 1072 1695 1119 si
1717 1086 1809 1127 me,
1831 1073 1987 1120 omnis
2009 1073 2195 1120 dicendi
2218 1076 2335 1122 artis
2349 1090 2429 1122 ex·

638 1175 835 1231 pertem,
865 1169 1207 1217 balbutientem
1238 1171 1397 1231 potius
1431 1185 1578 1231 quam
1608 1171 1843 1218 dicentem
1876 1172 2098 1226 audieriS,
2142 1178 2321 1234 tuaque
2355 1189 2430 1221 co-

640 1284 743 1316 ram
766 1269 899 1331 regia
924 1269 1187 1331 maJestate,
1209 1270 1262 1316 in
1291 1275 1428 1316 tanta
1453 1270 1953 1330 praestantissimum
1976 1270 2208 1316 nobilium
2232 1272 2433 1319 circum-

640 1367 749 1415 fiisa
770 1383 956 1423 corona,
990 1369 1287 1428 conspexeris
1318 1369 1587 1427 pallentem,
1610 1381 1724 1413 vooe
1753 1368 2058 1428 corporisque
2085 1368 2310 1415 membris
2337 1375 2432 1418 tre-

642 1468 840 1521 mulum,
859 1467 1190 1526 trepidantem.
1225 1465 1420 1526 Ecquis,
1441 1465 1848 1513 christianissime
1861 1480 1962 1521 rex,
1976 1467 2053 1513 vel
2076 1474 2431 1515 consummatus

642 1571 814 1619 orator,
837 1570 885 1611 te
903 1579 1076 1619 coram,
1098 1565 1182 1625 qui
1205 1579 1302 1611 non
1324 1565 1484 1611 minus
1506 1564 1772 1611 eruditione
1794 1565 1941 1624 polles
1962 1579 2109 1625 quam
2126 1565 2236 1613 belli
2260 1567 2428 1628 gloria,

643 1663 856 1710 dicturus
893 1678 991 1709 non
1031 1668 1363 1723 expavesceret
1379 1662 1402 1708 ἶ)
1444 1662 1646 1709 Veniam
1679 1668 1931 1723 propterea
1968 1663 2103 1710 dabis
2142 1664 2349 1721 obsecro,
2388 1668 2429 1712 si

643 1762 802 1808 minus
824 1768 872 1808 te
891 1763 1091 1824 dignum
1114 1763 1319 1808 attulero
1335 1758 1507 1821 (neque
1525 1762 1652 1808 enim
1675 1761 1766 1809 hoc
1788 1762 2008 1817 conabor,
2030 1777 2143 1809 nam
2159 1765 2283 1824 quis,
2299 1780 2432 1825 quae-

565 1929 567 1931 *
644 1874 711 1914 so,
729 1859 779 1906 id
794 1861 971 1920 poterit
986 1865 1209 1920 praestare
1227 1859 1271 1921 Ρ)
1289 1861 1373 1920 qui
1396 1874 1494 1906 non
1516 1874 1622 1906 mea
1634 1861 1902 1908 temeritate
1924 1861 2018 1907 huc
2040 1863 2327 1918 accesserim,
2350 1865 2433 1910 sed

640 1958 1036 2020 Scotorum-regis
1059 1959 1371 2005 illustrissimi
1396 1955 1499 2019 (qui
1521 1964 1570 2005 te
1592 1966 1695 2019 prae'
1712 1960 1890 2006 caeteris
1912 1960 2207 2021 principibus
2239 1968 2288 2009 et
2319 1964 2431 2017 colit

640 2065 686 2105 et
721 2060 994 2120 veneratur)
1027 2059 1268 2113 mandato,
1313 2059 1391 2105 cui
1436 2058 1555 2104 mihi
1589 2059 1823 2106 contraire
1856 2058 1928 2105 fas
1970 2074 2068 2106 non
2108 2067 2193 2106 est.
2277 2061 2432 2108 Malui

642 2159 792 2221 igitur
812 2158 916 2212 tibi,
940 2158 1083 2204 insita
1107 2157 1434 2204 benevolentia
1449 2157 1616 2212 fretus,
1639 2158 1857 2218 quaedam
1882 2155 1988 2215 (etsi
2011 2159 2205 2221 exigua)
2223 2160 2285 2206 ad
2309 2175 2435 2207 com-

642 2271 835 2304 munem
857 2272 959 2303 rem
993 2256 1247 2303 attinentia
1280 2256 1533 2302 audentius
1568 2255 1756 2303 afferre
1791 2271 1938 2317 quam
1970 2258 2257 2320 postergatis
2290 2260 2435 2322 regiis

643 2357 879 2404 mandatis
902 2357 1071 2418 quovis
1096 2356 1237 2402 modo
1270 2361 1439 2410 tacere,
1473 2355 1692 2403 amicitiae
1728 2353 1875 2417 (quod
1907 2370 1964 2402 ea
1996 2356 2058 2402 ad
2090 2371 2191 2402 rem
2220 2363 2434 2404 nostram

643 2456 850 2502 maxime
871 2455 1092 2517 attineat)
1126 2460 1299 2501 nostrae
1326 2460 1569 2515 utcunque
1599 2454 1827 2502 orationis
1857 2453 2036 2515 primas
2069 2460 2229 2514 partes
2256 2469 2436 2502 accom-

644 2555 895 2609 modando,
916 2569 1002 2615 per
1034 2569 1180 2615 quam
1214 2569 1362 2601 unam
1395 2559 1628 2614 parantur
1661 2553 1875 2614 imperia,
1909 2558 2049 2614 parta
2080 2560 2434 2600 conservantur.

647 2654 764 2702 Haec
796 2669 965 2718 regum
998 2654 1269 2701 delectabile
1304 2654 1564 2708 vinculum,
1598 2653 1697 2699 haec
1740 2652 2116 2700 stabilimentum
2162 2668 2436 2715 regnorum,

645 2755 745 2802 haec
776 2755 905 2815 pacis
937 2760 987 2801 et
1022 2753 1385 2815 tranquillitatis
1418 2758 1585 2807 mater,
1621 2751 1823 2814 justitiae
1867 2752 2056 2807 cultrix,
2100 2752 2437 2802 misericordiae

646 2855 994 2915 clementiaeque
1010 2868 1181 2914 parens
1198 2866 1211 2908 3
1236 2853 1337 2899 sine
1350 2851 1524 2913 quibus
1537 2866 1623 2897 nec
1641 2865 1775 2914 reges
1789 2857 2008 2914 regnant,
2024 2865 2111 2897 nec
2128 2850 2437 2910 stabiliuntur

647 2954 858 3014 imperia,
891 2968 978 3000 nec
1008 2954 1226 3000 civitates
1259 2952 1539 3007 consistunt,
1577 2951 1738 2997 nullus
1778 2950 1971 2997 demum
1994 2948 2210 3009 publicus
2234 2954 2323 2998 aut.
2339 2949 2438 3010 pri-

649 3058 788 3098 vatus
814 3052 905 3100 sibi
925 3053 1152 3115 patriaeve
1174 3058 1260 3099 aut
1282 3052 1444 3098 vivere
1466 3055 1550 3097 aut
1572 3049 1794 3110 prodesse
1815 3053 1986 3109 potest,
2002 3047 2132 3108 quod
2143 3047 2333 3095 nullum
2357 3046 2438 3094 bo-

647 3164 765 3197 num
787 3151 851 3197 sit
873 3151 924 3197 in
954 3152 1056 3198 vita
1088 3152 1218 3211 quod
1250 3149 1462 3198 amicitia
1487 3162 1592 3196 non
1620 3148 1704 3203 sit,
1737 3152 1824 3195 aut
1854 3145 2080 3207 amicitiae
2113 3145 2436 3208 conjunctum.
