2944 3906
1020 483 1478 527 EPISCOPORUM
1507 484 1683 527 VITAE.
2191 489 2244 528 31

456 637 516 683 ob
539 641 776 683 servatam
798 633 1000 678 salutem
1031 633 1211 694 gratias
1239 633 1459 688 reddidit,
1490 639 1539 680 et
1565 633 1625 679 ad
1653 631 2013 679 retributionem
2037 632 2247 680 beneficii

456 748 706 782 nummum
731 730 929 790 (nobiles
953 732 1010 777 de
1033 747 1142 778 rosa
1164 733 1410 793 appellitat
1433 733 1627 794 vulgus)
1647 732 1776 778 mille
1798 732 1850 777 in
1870 746 2018 777 annos
2037 733 2249 794 singulos

456 833 611 894 quoad
629 832 752 877 vixit
774 830 1023 891 pendebat,
1046 836 1094 877 et
1116 832 1242 877 inter
1260 832 1525 892 praecipuos
1547 831 1752 877 habebat
1775 831 1964 877 amicos.
2016 830 2121 876 Hac
2143 846 2252 891 pro-

454 930 654 977 fectione
678 945 732 976 eo
756 930 1021 976 securitatis
1042 945 1142 976 sese
1162 931 1406 976 devenisse
1426 931 1685 977 arbitratus
1704 936 1776 977 est
1794 930 2021 985 Thomas,
2043 935 2100 976 ut
2122 931 2254 976 dein-

455 1044 561 1089 ceps
585 1030 806 1089 patriam,
839 1034 923 1075 aut
954 1033 1083 1075 terra
1104 1044 1190 1089 per
1212 1027 1457 1091 Angliam,
1481 1035 1566 1075 aut
1589 1044 1673 1089 per
1695 1044 1842 1083 mare,
1869 1035 2079 1089 repetere
2103 1030 2253 1090 possit

455 1133 603 1174 tutus.
660 1127 859 1174 Dimisit
882 1128 992 1174 inde
1010 1121 1269 1174 Eduardus
1289 1127 1542 1182 Thomam,
1566 1143 1724 1188 quem,
1749 1128 1808 1174 ob
1831 1127 2079 1187 probatam
2104 1130 2180 1173 vel
2202 1129 2254 1173 in

456 1228 640 1274 hostem
663 1228 955 1282 fidelitatem,
978 1243 1076 1274 non
1098 1242 1196 1274 uno
1221 1227 1583 1290 magnificentiae
1605 1242 1777 1290 genere
1805 1232 1877 1273 est
1908 1227 2075 1273 deinde
2098 1241 2257 1286 prose-

458 1333 609 1373 cutus.
664 1327 854 1388 Brugas
879 1327 1040 1386 itaque
1064 1327 1266 1381 rediens,
1297 1341 1443 1372 naves
1467 1325 1848 1386 praestolabatur,
1871 1327 1922 1371 in
1947 1325 2154 1372 Scotiam
2178 1341 2257 1372 cu-

457 1426 591 1485 piens
614 1426 845 1487 trajicere.
910 1425 1100 1471 Interea
1123 1426 1289 1471 delatae
1311 1431 1426 1471 sunt
1447 1441 1473 1471 e
1497 1424 1655 1471 Scotia
1677 1425 1820 1487 regiae
1842 1425 1990 1470 literae
2014 1426 2074 1470 ad
2096 1426 2255 1484 ipsum

458 1525 827 1583 praestolantem,
851 1523 1024 1582 quibus
1043 1523 1231 1582 publico
1249 1523 1436 1568 decreto
1447 1524 1653 1584 jussum,
1672 1529 1727 1568 ut
1744 1522 2017 1569 Alexander
2034 1522 2255 1570 Albaniae

458 1622 571 1676 dux,
605 1635 860 1682 germanus
884 1621 1025 1683 regis,
1056 1622 1140 1682 qui
1163 1627 1269 1667 tum
1291 1623 1343 1667 in
1366 1620 1558 1667 Geldria
1581 1637 1688 1667 cum
1712 1623 1947 1667 avunculo
1970 1622 2153 1684 agebat,
2185 1637 2258 1668 re-

459 1721 710 1766 duceretur
731 1721 783 1766 in
804 1720 1025 1780 patriam.
1077 1719 1290 1766 Thomas
1313 1721 1416 1782 regi
1439 1721 1631 1780 cupiens
1656 1720 1994 1780 obtemperare,
2018 1726 2074 1766 ut
2097 1722 2257 1766 omnia

458 1820 632 1865 rectius
656 1820 961 1878 securiusque
983 1819 1165 1873 fierent,
1194 1834 1269 1873 ne,
1297 1820 1338 1865 si
1361 1820 1461 1864 dux
1482 1818 1756 1864 Alexander
1778 1820 1830 1864 in
1853 1819 2064 1865 hostium
2088 1835 2258 1866 manus

459 1918 739 1979 trajiciendo
757 1918 1014 1971 deveniret,
1033 1932 1135 1963 suae
1155 1918 1350 1963 daretur
1367 1918 1580 1972 incuriae,
1606 1919 1666 1963 ad
1684 1917 1967 1964 Eduardum
1985 1918 2257 1980 Anglorum

460 2031 622 2078 regem
639 2017 763 2062 illico
782 2022 854 2062 est
872 2015 1140 2076 profectus:
1170 2017 1298 2076 apud
1315 2031 1457 2076 quem
1480 2017 1659 2062 recenti
1676 2016 1898 2062 beneficio
1921 2022 2105 2063 motum
2122 2016 2259 2063 facile

461 2115 683 2169 obtinuit,
714 2120 770 2161 ut
800 2115 912 2169 dux,
948 2120 1137 2175 accepto
1162 2121 1442 2169 commeatu,
1474 2120 1559 2160 aut
1582 2116 1796 2161 terrestri
1828 2116 2012 2170 itinere,
2047 2121 2132 2162 aut
2163 2122 2260 2162 tra-

455 2215 602 2275 jectu,
627 2228 818 2260 securus
836 2213 1108 2276 Anglorum
1131 2214 1332 2267 insidiis,
1355 2213 1474 2259 liber
1497 2214 1801 2259 reduceretur
1823 2214 1875 2258 in
1893 2213 2112 2259 Scotiam.
2157 2214 2259 2260 Ha-

461 2295 573 2358 bitis
605 2314 715 2358 inde
746 2313 914 2374 gratiis
949 2312 1200 2374 magnifico
1232 2313 1349 2373 regi,
1382 2312 1572 2373 Brugas
1603 2313 1874 2358 revertitur.
1943 2311 2043 2358 Nec
2074 2312 2158 2358 diu
2191 2312 2258 2358 ibi

462 2417 690 2456 moratus.
755 2408 1058 2471 'Comparatis
1082 2426 1192 2471 quae
1224 2411 1285 2456 ad
1316 2410 1654 2471 profectionem
1678 2410 1962 2457 videbantur
1983 2412 2259 2465 necessaria,

463 2523 624 2563 naveS,
657 2524 765 2555 cum
790 2510 907 2556 duce
931 2515 979 2556 et
1004 2508 1236 2556 militibus
1259 2510 1437 2569 partim
1459 2508 1752 2555 nostratibus
1775 2510 1951 2569 partim
1986 2525 2046 2555 ex
2069 2508 2262 2556 Geldria

465 2608 639 2661 accitis,
671 2609 954 2655 conscendit.
1024 2607 1194 2670 Itaque
1220 2609 1403 2655 duabus
1437 2624 1545 2654 cum
1577 2607 1806 2654 celocibus
1830 2607 2028 2668 profecti
2056 2610 2258 2655 secundo

465 2711 622 2760 vento,
651 2707 727 2752 die
756 2708 913 2762 tertia,
943 2722 1051 2754 cum
1075 2708 1307 2754 Scoticam
1331 2714 1510 2754 terram
1533 2714 1777 2754 cernerent
1801 2707 1931 2753 haud
1953 2708 2060 2768 plus
2086 2707 2257 2768 viginti

466 2805 616 2851 millia
638 2820 866 2865 passuum
889 2779 1064 2860 abesse,
1087 2804 1308 2868 Anglicae
1331 2807 1491 2852 classis
1515 2806 1575 2852 ab
1598 2807 1768 2852 ultima
1791 2805 1913 2866 Tyle
1941 2803 2086 2863 (nunc
2109 2805 2259 2850 Islan-

467 2905 594 2950 diam
612 2905 802 2966 vocant)
827 2906 878 2950 in
896 2903 1152 2951 Albionem
1175 2904 1472 2966 trajicientiS,
1495 2905 1706 2964 quinque
1729 2906 1915 2958 celoces,
1939 2905 2090 2949 multo
2108 2904 2258 2949 milite

467 3004 688 3064 omnique
706 3004 870 3050 bellico
889 3008 1124 3064 apparatu
1141 3003 1366 3057 munitas,
1390 3017 1494 3063 quae
1513 3003 1572 3048 ad
1590 3008 1905 3048 mercatorum
1924 3017 2069 3048 naves
2089 3018 2117 3047 a
2134 3003 2260 3062 pira·
2279 3057 2295 3073 ι

467 3106 626 3148 tarum
660 3103 838 3165 injuria
871 3104 1095 3151 tutandas
1125 3102 1309 3163 publice
1343 3101 1535 3148 fuerant
1570 3100 1812 3156 adhibitae,
1847 3101 2010 3148 obvias
2039 3101 2258 3147 habuere.
2290 3075 2298 3087 ιζ
