2944 3906
777 482 833 520 24
1286 530 1291 535 ,
1399 474 1944 519 ABERDONENsmM

446 631 506 677 Α,
527 631 584 676 1),
612 631 755 674 1440,
777 619 943 666 salutis
966 619 1329 681 quadragesimo
1352 634 1498 680 supra
1519 621 1822 666 millesimum
1845 624 2013 680 quater
2035 619 2358 666 centesimum.
2404 620 2569 682 Sepul-

778 725 856 765 tus
873 724 945 765 est
967 719 1008 764 is
1025 718 1240 779 pontifex
1263 719 1314 764 in
1337 719 1436 764 divi
1453 718 1485 763 J
1487 719 1652 764 oannis
1676 717 2000 780 Evangelistae
2022 719 2191 764 sacello
2209 720 2283 764 sui
2307 722 2470 780 templi
2493 735 2568 767 ca-

778 818 1019 872 thedralis,
1042 818 1169 878 quod
1192 818 1252 862 ad
1274 817 1323 862 id
1347 817 1458 862 data
1472 831 1614 877 opera
1636 821 1926 863 extruxerat.

843 1015 1112 1061 Secundum
1134 1015 1238 1069 hoc,
1255 1014 1543 1061 Aberdoniae
1567 1020 1803 1061 conventu
1824 1014 1989 1061 habito
2006 1015 2063 1060 de
2081 1016 2282 1062 creando
2303 1031 2429 1063 novo
2451 1032 2566 1078 pon-

777 1113 899 1160 tifice
935 1114 1146 1159 canonici
1183 1113 1390 1160 habuere
1424 1114 1671 1160 rationem.
1739 1112 1836 1159 Ubi
1873 1112 1948 1158 IN
1952 1111 2304 1169 GERAMUS,
2337 1117 2567 1175 pontificii

772 1213 897 1274 juris
920 1213 1096 1266 doctor,
1120 1213 1196 1258 vir
1225 1212 1411 1266 nobilis,
1443 1213 1501 1258 de
1524 1211 1692 1257 celebri
1726 1226 1781 1258 ac
1813 1212 1964 1258 veteri
1986 1211 2351 1259 Lindesaiorum
2372 1213 2568 1269 familia,

778 1326 953 1373 magno
977 1312 1187 1356 omnium
1224 1312 1470 1369 applausu,
1494 1310 1740 1368 episcopus
1770 1314 1972 1354 creatur.
2040 1309 2138 1361 Qui
2160 1311 2338 1364 statim,
2366 1314 2568 1370 peractis

779 1424 887 1468 quae
922 1410 980 1453 de
1013 1422 1142 1452 more
1181 1408 1231 1452 in
1268 1407 1592 1452 consecrandis
1627 1405 1927 1466 pontificibus
1961 1405 2063 1452 fieri
2109 1415 2464 1463 consueverant,
2509 1412 2570 1456 ad

779 1507 942 1566 templi
962 1505 1415 1551 consummationem
1441 1505 1654 1550 animum
1677 1504 1864 1565 adjecit.
1916 1503 2099 1550 Verum
2121 1502 2392 1552 Alexandri
2415 1509 2572 1570 cujus-

780 1607 890 1652 dam
907 1605 1026 1666 regii
1043 1603 1290 1649 familiaris
1310 1599 1494 1663 (quise,
1517 1603 1750 1648 incertum
1772 1617 1868 1662 quo
1881 1602 2006 1663 jure,
2024 1616 2111 1661 pro
2132 1599 2463 1650 Aberdonensi
2487 1621 2570 1652 an-

782 1703 933 1750 tistite
956 1702 1168 1764 gerebat)
1192 1716 1334 1762 opera
1358 1702 1417 1747 ad
1440 1715 1682 1746 summum
1705 1700 1976 1760 pontificem
1999 1707 2196 1747 vocatus
2219 1702 2406 1762 incepto
2429 1704 2570 1750 desti-

782 1803 857 1875 tit.
926 1801 1135 1847 Putabat
1157 1798 1437 1859 Alexander
1460 1798 1702 1861 Ingerami
1726 1795 1828 1859 (qui
1852 1813 1995 1845 senex
2017 1800 2273 1846 admodum
2296 1807 2399 1847 erat
2420 1809 2468 1848 et
2490 1817 2573 1849 va-

781 1901 1113 1961 letudinarius)
1138 1900 1232 1945 cita
1255 1904 1407 1944 morte
1431 1913 1530 1944 sese
1553 1883 1882 1958 pontificatum
1905 1898 2202 1958 adepturum.
2260 1898 2354 1945 Sed
2375 1914 2462 1946 sua
2483 1901 2572 1947 fal-

783 2013 863 2044 sus
883 2005 955 2044 est
972 1998 1206 2058 opinione.
1232 1996 1359 2042 Nam
1377 1995 1671 2058 IngeramuS,
1689 2010 1830 2056 quem
1851 1993 2119 2042 Alexandri
2136 2003 2455 2044 commentum
2473 2014 2571 2046 non

784 2097 939 2150 latuit,
962 2097 1014 2141 in
1037 2095 1240 2141 Galliam
1262 2094 1599 2155 proficiscitur:
1623 2095 1827 2140 secunda
1848 2095 1958 2140 inde
1972 2087 2276 2157 navigatione
2295 2097 2571 2144 duodecimo

786 2195 862 2240 die
901 2199 1206 2254 posteaquam
1244 2208 1269 2238 e
1308 2198 1451 2252 portu
1492 2192 1780 2238 Massiliensi
1819 2194 2039 2247 solverat,
2074 2193 2279 2240 Romam
2323 2198 2540 2255 pervenit
2559 2210 2571 2242 ι

781 2291 864 2338 ubi
898 2293 1093 2337 comiter
1126 2297 1174 2336 et
1207 2291 1408 2352 benigne
1436 2296 1695 2350 susceptus,
1726 2305 1915 2337 causam
1949 2292 2072 2337 dixit
2104 2293 2174 2338 ita
2205 2298 2262 2338 ut
2290 2290 2571 2341 Alexandro

783 2391 942 2436 nullus
965 2390 1283 2435 calumniandi
1306 2387 1652 2448 relinqueretur
1667 2389 1810 2434 locus.
1846 2387 2091 2435 Laudatus
2109 2390 2270 2450 itaque
2289 2390 2568 2453 Ingeramus

785 2487 846 2534 ob
869 2488 1097 2533 virtutem
1120 2487 1591 2548 magnitudinemque
1615 2456 1762 2532 animi
1784 2501 1813 2532 a
1841 2501 2028 2532 summo
2058 2486 2291 2547 pontifice,
2314 2495 2568 2550 postquam

787 2586 968 2646 aliquot
983 2599 1180 2639 menses,
1198 2585 1388 2644 pietatis
1407 2598 1561 2638 causa,
1580 2583 1745 2630 Romae
1762 2590 1974 2630 moratus
1988 2583 2159 2639 fuerat,
2174 2588 2386 2632 terrestri
2400 2588 2569 2635 itinere

788 2698 1005 2731 reversus
1030 2689 1103 2730 est
1125 2684 1175 2729 in
1198 2683 1403 2743 patriam
1421 2695 1433 2728 ι
1457 2683 1655 2743 adeptus
1671 2697 1726 2728 eo
1739 2682 1898 2729 labore
1911 2684 2149 2730 meliorem
2167 2691 2339 2744 praeter
2355 2687 2566 2733 omnium

788 2798 918 2844 spem
953 2784 1100 2830 totius
1134 2782 1341 2842 corporis
1374 2782 1708 2836 valetudinem,
1730 2787 2043 2842 praeterquam
2075 2784 2203 2844 quod
2235 2784 2361 2830 inter
2391 2784 2566 2843 pedum

788 2883 961 2945 digitos
980 2883 1165 2928 marino
1188 2880 1364 2943 frigore
1386 2879 1605 2926 morbum
1630 2880 1917 2942 (gemursam
1935 2887 2072 2928 vocat
2095 2881 2300 2942 Plinius)
2324 2887 2567 2928 contraxe-

790 2986 880 3034 rat,
902 2982 985 3041 qui
1009 2982 1051 3026 ei
1075 2982 1134 3027 ad
1158 2981 1268 3027 vitae
1290 2980 1432 3026 finem
1450 2979 1655 3024 duravit.
1708 2978 2042 3033 Confirmatus,
2063 2993 2161 3038 quo
2183 2979 2390 3025 diximus
2412 2981 2568 3034 modo,

794 3077 1072 3140 Ingeramus
1090 3080 1141 3125 in
1158 3094 1245 3125 sua
1261 3079 1383 3132 sede,
1407 3078 1468 3124 ad
1484 3082 1637 3137 coepta
1654 3078 1819 3137 templi
1833 3076 2026 3123 aedificia
2043 3074 2118 3134 <ut
2136 3089 2320 3137 semper
2341 3079 2393 3124 in
2409 3079 2568 3125 animo
