2944 3906
1019 555 1472 599 EPISCOPORUM
1501 557 1674 599 VITAE.
2190 564 2241 602 19

455 705 584 751 fama
618 706 679 750 ad
711 718 886 765 regem,
910 703 994 763 qui
1021 705 1284 763 primorum
1320 706 1555 751 sententia
1580 702 1715 765 (quos
1750 707 1818 751 rei
1853 707 2109 768 indignitas
2137 711 2240 768 plu-

456 804 630 848 rimum
657 803 994 863 commoverat)
1019 804 1200 863 aliquot
1221 809 1329 863 post
1352 804 1449 849 dies
1474 801 1817 857 Alexandrum,
1847 805 1907 849 ad
1942 820 1990 850 se
2025 807 2238 860 accitum,

455 903 506 946 in
540 901 730 945 vincula
767 902 998 962 conjecit3
1040 903 1350 962 reparatisqu
1403 903 1609 948 ecclesiae
1647 901 1997 948 Aberdonensis
2035 904 2238 965 injuriis,

453 997 697 1044 Adamum
721 1000 851 1044 omni
874 1005 1006 1044 metu
1028 1001 1220 1054 levavit,
1247 1016 1404 1060 quem,
1427 1006 1482 1046 ut
1505 1007 1749 1060 parentem
1773 1007 2040 1055 veneratus,
2079 1008 2240 1062 postea

452 1098 578 1142 inter
611 1099 875 1157 praecipuos
910 1098 1078 1143 habuit
1116 1099 1419 1145 consiliarios.
1489 1098 1746 1157 Complura
1780 1104 1827 1144 et
1861 1099 1958 1144 fere
1992 1100 2240 1146 innumera

452 1197 545 1241 alia
567 1198 721 1242 relatu
747 1197 946 1258 indigna
968 1194 1238 1243 Alexandri
1266 1213 1424 1251 suasu,
1456 1198 1734 1257 priusquam
1758 1198 1810 1242 in
1832 1198 2022 1243 vincula
2045 1199 2240 1260 conjice-

451 1301 584 1342 retur
614 1311 643 1341 a
675 1295 886 1355 profanis
910 1296 1208 1355 quibusdam,
1232 1298 1315 1357 qui
1345 1297 1587 1358 regionem
1609 1295 1864 1341 foedissime
1895 1297 2240 1356 depopulaban-

451 1400 545 1447 tur,
568 1408 816 1453 perpessus
842 1399 913 1438 est
937 1395 1211 1453 episcopus3
1237 1409 1346 1454 quae
1364 1395 1523 1440 omnia
1545 1395 1733 1454 longius
1752 1409 1894 1453 quam
1920 1410 2007 1454 pro
2025 1402 2240 1455 suscepto

449 1493 640 1553 negotio
664 1497 786 1537 esset
815 1506 1049 1537 enarrare.
1120 1492 1389 1537 Secundum
1419 1492 1536 1546 haec,
1568 1491 1760 1538 obtento
1790 1492 1849 1537 ab
1878 1507 1988 1554 rege
2017 1498 2073 1538 ut
2095 1491 2240 1539 Alex-

449 1591 587 1635 andri
610 1590 834 1635 satellites
859 1587 1280 1635 Aberdonensibus
1305 1591 1432 1651 agris
1466 1595 1513 1635 et
1544 1591 1735 1649 praediis
1759 1593 2118 1650 expellerentur,
2143 1607 2237 1651 quo

448 1688 601 1749 magis
633 1688 839 1747 episcopi
871 1689 1032 1748 quieta
1062 1687 1335 1734 fruerentur
1365 1703 1492 1748 pace,
1527 1686 1758 1741 Adamus,
1792 1689 1895 1749 jam
1935 1691 2234 1750 grandaevus,

448 1801 556 1832 cum
579 1791 731 1831 morte
755 1787 906 1831 vitam
929 1787 1150 1840 mutavit,
1176 1792 1283 1845 post
1307 1801 1491 1832 sacrum
1511 1787 1735 1845 adeptum
1753 1787 2088 1848 magistratum
2107 1803 2232 1834 anno

448 1885 643 1938 decimo,
668 1883 954 1929 Christianae
979 1885 1176 1945 originis
1211 1885 1516 1945 nonagesimo
1539 1899 1683 1944 supra
1705 1886 2008 1931 millesimum
2032 1890 2104 1931 ter
2127 1901 2232 1932 cen·
2253 1889 2313 1936 A.
2340 1891 2399 1936 D.
2428 1893 2567 1940 1390.

446 1983 683 2036 tesimum,
708 1988 755 2028 et
778 1982 978 2028 Roberti
1004 1981 1158 2027 Tertii
1182 1997 1306 2027 anno
1330 1983 1483 2027 tertio.

511 2182 620 2235 Quo
638 2197 762 2227 anno
781 2181 1171 2228 GILBERTUS
1194 2180 1526 2227 GRENLAU
1548 2184 1786 2228 communi
1809 2183 2035 2243 suffragio
2057 2197 2230 2228 munus

444 2281 553 2326 iniit
581 2280 890 2340 pontificium,
921 2281 996 2325 vir
1029 2283 1218 2341 magnae
1252 2281 1376 2325 inter
1409 2281 1546 2340 regni
1574 2280 1817 2339 primores,
1852 2281 2139 2340 singularem
2171 2281 2230 2325 ob

445 2379 762 2438 prudentiam,
795 2379 1105 2423 auctoritatis.
1149 2377 1212 2431 Is,
1237 2392 1368 2422 sacro
1392 2383 1582 2437 sumpto
1604 2378 1900 2439 magistratu,
1932 2393 1983 2422 re
2007 2375 2228 2423 Aberdo-

444 2478 580 2523 nensi
602 2483 783 2536 pacata,
809 2477 982 2522 veteris
1007 2476 1163 2522 turbae
1187 2477 1356 2522 amotis
1379 2476 1606 2536 reliquiis,
1629 2477 1688 2521 ad
1710 2477 1834 2538 regis
1858 2477 2037 2522 curiam
2062 2491 2229 2522 consu-

446 2577 600 2620 lendae
623 2575 896 2635 reipublicae
923 2590 1063 2620 causa
1093 2590 1142 2620 se
1167 2576 1396 2630 contulit3
1437 2575 1534 2629 ubi,
1565 2575 1625 2620 ob
1653 2581 1792 2621 antea
1814 2581 2056 2635 expertam
2081 2575 2231 2621 virtu-

447 2682 560 2727 tem,
574 2653 704 2718 haud
726 2688 876 2732 parva
898 2673 1092 2719 habitus
1116 2679 1187 2719 est
1205 2674 1517 2719 veneratione.
1575 2672 1815 2733 Imprimis
1830 2674 1931 2735 ejus
1955 2674 2107 2719 virtus
2125 2688 2230 2733 per-

449 2777 621 2831 specta,
641 2785 749 2816 cum
768 2770 1044 2824 Puellarum
1064 2771 1286 2817 Castrum
1307 2769 1373 2829 (id
1391 2786 1563 2817 nomen
1586 2778 1656 2817 est
1678 2772 1932 2817 munitioni
1950 2772 2075 2830 apud
2098 2772 2230 2831 oppi-

451 2871 565 2916 dum
580 2885 706 2916 nunc
724 2871 872 2930 vulgo
890 2868 1227 2930 Edinburgum
1247 2870 1525 2931 vocitatum)
1544 2871 1804 2916 arctissima
1822 2870 2061 2915 obsidione
2084 2870 2227 2914 armis

448 2967 740 3030 Anglorum,
774 2968 858 3027 qui
882 2973 996 3012 tunc
1014 2967 1310 3012 Laudoniam
1334 2982 1442 3012 cum
1465 2982 1550 3012 suo
1572 2983 1682 3028 rege
1707 2967 1912 3012 Henrico
1934 2966 2055 3011 foede
2078 2981 2227 3026 popu-

450 3067 685 3120 labantur,
708 3066 918 3126 undique
941 3066 1147 3110 cinctum
1176 3065 1311 3110 miro
1326 3065 1515 3125 ingenio
1543 3065 1784 3118 levaverit,
1813 3078 2090 3123 omnemque
2118 3064 2227 3110 belli

450 3166 549 3210 vim
581 3166 806 3211 averterit
829 3180 857 3211 a
880 3165 1054 3210 nostris
1075 3176 1086 3208 ε
1122 3163 1181 3209 ob
1204 3164 1330 3223 quod
1356 3164 1593 3217 meritum,
1617 3178 1723 3209 cum
1746 3162 1982 3210 Robertus
2016 3177 2100 3208 rex
2133 3177 2229 3208 me-
