2944 3906
753 460 810 499 64
1380 453 1927 498 ABERDONENSIUM

755 611 867 658 tus;
901 617 1028 649 nunc
1050 604 1411 663 praedicatorum
1435 603 1639 651 fratrum
1665 604 1793 651 intra
1810 603 2059 650 Scotorum
2084 617 2286 665 regnum
2310 618 2550 654 summum

757 700 917 762 (quem
941 702 1338 762 provincialatum
1360 702 1544 764 dicunt)
1568 703 1670 765 agit
1693 703 2060 765 magistratum:
2091 703 2131 748 is
2155 703 2234 763 pio
2257 708 2306 749 et
2332 704 2553 767 religioso

758 801 919 847 animo
941 802 1146 862 exempli
1168 802 1324 847 locum
1346 806 1558 847 meretur
1590 801 1716 847 inter
1742 801 1921 861 primos
1952 801 2028 847 sui
2058 801 2282 848 instituti.
2352 802 2555 866 Indigne

758 899 991 960 siquidem
1022 899 1180 946 ferens
1210 913 1393 946 sacram
1423 899 1791 959 praedicatorum
1822 899 2101 961 religionem
2135 901 2397 962 neglectam
2429 902 2555 948 inter

757 1004 945 1045 nostros
978 998 1095 1044 adeo
1121 1004 1177 1044 ut
1203 1012 1323 1059 pene
1350 998 1643 1058 contemptui
1667 998 1876 1052 daretur,
1916 1012 2013 1044 non
2045 999 2191 1045 maris
2214 1001 2424 1059 pericula
2445 1000 2555 1047 hor-

757 1111 880 1151 rens,
903 1111 1000 1142 non
1023 1098 1307 1143 aemulorum
1330 1097 1582 1152 saevitiam,
1613 1097 1784 1151 minas,
1807 1097 2024 1159 injurias,
2058 1110 2155 1143 non
2179 1097 2434 1153 laboribus,
2457 1115 2553 1146 non

757 1195 941 1255 corpori
963 1209 1176 1255 parcens,
1198 1195 1370 1241 duram
1393 1196 1649 1242 admodum
1668 1195 1859 1242 subiens
1876 1196 2172 1256 provinciam
2194 1202 2251 1242 ut
2272 1197 2554 1245 labefactata

756 1299 1073 1354 repararetur,
1103 1295 1291 1356 magnis
1322 1300 1370 1341 et
1400 1294 1754 1340 incredibilibus
1776 1294 1986 1341 obtinuit
2008 1295 2278 1350 laboribus;
2315 1297 2555 1344 effectum-

757 1407 850 1452 que
871 1398 928 1438 ut
951 1406 1080 1438 nunc
1094 1392 1284 1445 eruditi,
1297 1392 1381 1451 pii,
1404 1397 1452 1437 et
1474 1392 1699 1453 religiosi,
1721 1365 1986 1452 qui-sacras
2009 1392 2172 1439 literas
2190 1402 2429 1450 enarrant,
2447 1411 2555 1456 pro-

754 1489 965 1543 fitentur,
989 1490 1344 1543 concionantur,
1367 1489 1496 1536 illius
1519 1489 1730 1536 instituti
1754 1490 1846 1536 viri
1869 1490 2141 1551 frequentes
2163 1492 2290 1538 inter
2312 1508 2398 1540 nos
2424 1509 2556 1555 repe-

755 1588 973 1634 riantur:
1006 1603 1117 1648 quae
1148 1589 1310 1634 omnia
1330 1587 1532 1634 Joannis
1563 1588 1655 1648 piis
1688 1588 1941 1635 sudoribus
1969 1590 2067 1635 ulla
2099 1590 2200 1635 sine
2232 1593 2554 1639 controversia

755 1692 946 1746 accepta
966 1692 1080 1732 sunt
1101 1685 1308 1732 ferenda.
1364 1685 1445 1732 Ad
1470 1686 1575 1732 haec
1597 1685 1846 1732 Wilhelmi
1868 1688 2141 1742 auctoritas,
2166 1689 2250 1748 qui
2274 1695 2321 1735 et
2344 1691 2474 1736 domi
2502 1698 2550 1737 et

754 1782 869 1831 foris
891 1785 1153 1845 plurimum
1171 1785 1343 1845 potuit,
1367 1784 1498 1830 haud
1521 1798 1691 1844 pamm
1711 1785 1955 1831 conduxit.
1991 1785 2095 1831 Hos
2118 1787 2472 1834 nominavimus
2497 1796 2552 1835 ut

755 1883 1019 1943 praecipuos
1052 1883 1136 1943 qui
1170 1881 1500 1929 Aberdonensi
1534 1897 1561 1928 e
1593 1882 1755 1928 schola
1786 1883 2017 1943 prodiere.
2082 1883 2218 1930 Alios
2253 1883 2383 1930 haud
2419 1887 2555 1948 igno-

757 1995 869 2028 rans
892 1987 1082 2027 transeo
1101 1994 1114 2035 ;
1151 1982 1312 2041 plures
1334 1981 1462 2027 enim
1490 1987 1605 2027 sunt
1626 1995 1772 2042 quam
1798 1981 1877 2027 hic
1899 1982 2043 2036 locus,
2078 1988 2134 2029 ut
2157 1990 2452 2038 enarrentur,
2475 2000 2555 2031 ex-

760 2081 911 2142 poscit
935 2094 949 2135 ;
991 2086 1037 2127 et
1072 2081 1134 2126 ad
1165 2081 1443 2127 institutum
1477 2081 1631 2126 redeo.
1698 2079 1987 2127 Wilhelmus
2021 2081 2172 2127 initiis
2198 2080 2552 2130 Aberdonensis

759 2179 908 2225 studii
941 2179 1215 2233 delectatus,
1248 2193 1345 2239 quo
1378 2193 1453 2224 res
1484 2178 1669 2224 firmius
1703 2178 2011 2234 stabiliretur,
2046 2181 2297 2243 collegium
2327 2182 2553 2236 condidit,

687 2261 693 2269 ¹
762 2292 881 2338 opus
922 2277 1228 2323 aedificiorum
1268 2283 1443 2323 ornatu
1481 2282 1530 2324 et
1568 2278 1881 2338 amplitudine
1919 2278 2227 2341 magnificum
2266 2286 2315 2326 et
2353 2281 2552 2343 dignum

760 2377 888 2438 quod
910 2375 1039 2422 fama
1061 2390 1247 2437 semper
1268 2377 1506 2437 loquatur.
1547 2375 1607 2422 In
1630 2391 1686 2423 eo
1708 2378 1956 2437 templum,
1979 2377 2249 2424 tabulatum
2271 2379 2421 2439 polito
2437 2394 2554 2440 qua-

760 2476 990 2535 dratoque
1012 2475 1183 2535 lapide,
1211 2474 1418 2529 vitriniS‚
1448 2475 1702 2529 caelaturis,
1733 2476 1859 2522 sellis
1887 2476 1947 2522 ad
1975 2477 2287 2533 sacerdotum,
2318 2477 2552 2524 subselliis

761 2575 823 2621 ad
839 2589 1096 2635 puerorum
1112 2589 1270 2629 usum,
1292 2575 1416 2621 mira
1436 2580 1540 2620 arte
1556 2574 1815 2629 fabricatis,
1833 2575 2111 2621 marmoreis
2130 2575 2360 2622 altaribus
2375 2582 2423 2622 et
2435 2576 2554 2622 ima-

760 2672 952 2737 ginibus
975 2674 1211 2727 divorum,
1235 2672 1411 2719 tabulis
1433 2679 1482 2719 et
1504 2673 1737 2719 statuaria
1758 2678 1807 2719 et
1828 2673 2029 2733 pictoria
2052 2679 2154 2719 arte
2177 2674 2373 2729 auratis,
2396 2674 2554 2722 cathe-

764 2772 863 2818 dris
897 2772 1057 2825 aeneis,
1094 2772 1276 2825 aulaeis,
1311 2770 1565 2831 tapetibuS‚
1598 2770 1772 2831 quibus
1808 2771 2010 2831 parietes
2047 2778 2190 2833 atque
2225 2773 2552 2833 pavimentum

764 2869 840 2927 (ut
862 2871 1024 2917 omnia
1046 2870 1352 2917 honoratiora
1373 2870 1675 2931 apparerent)
1698 2875 2037 2925 sternerentur,
2068 2871 2254 2931 aliaque
2275 2871 2429 2917 multa
2448 2885 2555 2931 pre-

759 2971 881 3017 tiosa
918 2969 1197 3031 supellectili
1230 2968 1478 3031 magnifice
1511 2968 1798 3014 decoratum.
1868 2967 2057 3029 Templi
2097 2974 2308 3022 ornatus,
2344 2983 2549 3029 quorum

759 3082 872 3114 usus
895 3068 947 3115 in
968 3069 1128 3123 sacris,
1151 3083 1211 3115 ex
1234 3082 1352 3115 auro
1373 3067 1547 3122 textili,
1575 3067 1845 3128 quindecim
1870 3072 2025 3113 vestes
2053 3080 2199 3113 sacrae
2221 3080 2341 3127 quas
2364 3081 2551 3128 cappas,
