2944 3906
921 620 925 623 Ἴ
959 553 1412 599 EPISCOPORUM
1442 556 1625 599 VITAE.
2131 565 2185 605 23

397 702 457 746 ad
474 705 634 746 ortum
654 697 922 752 dissidium,
941 698 1000 744 ob
1016 700 1357 761 interregnum,
1377 701 1637 746 tollendum
1660 701 1784 745 inter
1807 701 2089 750 Murdacum
2113 701 2183 752 at-

394 814 487 859 que
511 797 778 843 Robertum
802 796 1021 843 Murdaci
1044 798 1207 843 filium.
1255 798 1390 844 Tulit
1414 799 1539 843 enim
1563 799 1768 844 insolens
1792 799 1916 845 filius
1942 804 2182 862 aegerrime

392 897 541 956 patris
577 895 843 954 imperium.
915 896 1174 942 Murdacus
1209 897 1407 943 Roberti
1444 912 1624 943 errores
1662 894 1762 955 (sed
1790 899 1911 959 sero)
1940 900 2081 945 nixus
2111 908 2182 947 est

391 994 653 1039 emendare.
709 993 862 1046 Quem
900 1009 1007 1039 cum
1043 994 1226 1040 flectere
1258 1010 1354 1040 non
1389 1000 1590 1054 poterat,
1630 995 1799 1041 Parthi
1838 993 1982 1053 (nunc
2021 997 2181 1044 Sancti

390 1092 423 1137 J
424 1073 591 1138 oannis
620 1093 848 1152 oppidum
873 1093 1062 1154 vocant)
1090 1094 1326 1154 majorum
1350 1094 1485 1153 regni
1509 1099 1766 1139 conventus
1792 1099 1862 1139 est
1883 1094 2050 1149 factus,
2082 1096 2178 1151 ubi,

389 1198 498 1251 post
520 1193 713 1253 longam
731 1193 787 1237 de
807 1191 1079 1251 reipublicae
1100 1191 1323 1237 felicitate
1343 1191 1747 1245 consultationem,
1765 1192 1941 1250 placuit
1960 1194 2177 1240 omnibus

390 1290 422 1335 J
424 1291 622 1336 acobum
645 1290 860 1336 Primum
880 1305 1055 1352 regem,
1069 1292 1152 1350 qui
1171 1296 1286 1336 tunc
1308 1291 1359 1335 in
1382 1288 1562 1351 Anglia
1585 1290 1799 1349 captivus
1823 1290 2090 1345 tenebatur,
2108 1307 2179 1336 re-

391 1388 581 1433 dimere.
632 1388 690 1433 Id
712 1389 925 1433 omnium
949 1389 1184 1433 sententia
1206 1389 1267 1433 ad
1291 1389 1454 1447 populi
1478 1388 1700 1447 quietem,
1724 1388 1784 1433 ad
1805 1389 1940 1450 regni
1964 1390 2177 1448 splendo-

390 1501 505 1539 rem,
541 1487 802 1545 plurimum
837 1486 1038 1530 attinere
1071 1485 1333 1530 videbatur.
1369 1512 1371 1515 .
1403 1484 1483 1530 Ad
1517 1485 1605 1530 hoc
1638 1486 1883 1545 negotium
1914 1486 2174 1546 objectatus

389 1584 741 1630 Aberdonensis
766 1584 1009 1642 episcopus
1033 1583 1243 1628 mittitur
1266 1584 1325 1627 ad
1342 1583 1606 1628 Henricum
1625 1554 1895 1644 Anglorum
1919 1600 2094 1645 regem,
2114 1587 2174 1631 ad

389 1681 421 1728 J
423 1681 621 1726 acobum
644 1681 988 1726 redimendum.
1057 1678 1227 1726 Ardua
1249 1696 1323 1726 res
1351 1686 1398 1726 et
1425 1680 1623 1726 difficilis
1652 1681 2013 1740 proponebatur.
2082 1683 2172 1729 Po-

389 1785 513 1825 terat
538 1781 666 1825 enim
688 1778 879 1840 Anglus
902 1779 1039 1824 facile
1062 1763 1290 1838 suspicari
1313 1778 1346 1823 J
1347 1779 1559 1833 acobum',
1588 1794 1743 1839 quem,
1767 1780 1997 1825 minorem
2021 1774 2171 1834 arinis,

389 1880 587 1925 Roberti
609 1879 770 1939 patrui
793 1879 988 1923 insidias
1005 1877 1268 1939 fugientem
1292 1879 1352 1923 ad
1375 1893 1483 1923 eum
1501 1879 1649 1923 veluti
1673 1883 1889 1937 optatum
1912 1878 2167 1939 refugium,

388 1981 527 2025 dictis
551 1979 753 2025 induciis
777 1978 954 2039 injuste
972 1983 1171 2037 ceperat,
1194 1976 1524 2036 publicamque
1539 1977 1798 2037 conjecerat
1820 1976 1872 2021 in
1894 1977 2168 2031 custodiam,

388 2080 580 2124 inimico
603 2079 654 2123 in
679 2092 788 2123 eum
817 2077 975 2122 animo
1002 2075 1235 2128 futurum,
1260 2075 1645 2134 Francorumque
1671 2074 1773 2134 regi
1809 2070 1967 2133 (quem
1995 2089 2169 2135 magna

385 2184 500 2223 tunc
522 2175 658 2238 regni
680 2181 815 2236 parte
832 2175 1135 2236 spoliaverat)
1160 2175 1415 2219 allaturum
1439 2173 1690 2232 suppetias.
1727 2162 1822 2216 Res
1846 2176 2005 2216 tamen
2028 2186 2169 2231 opera

387 2282 434 2321 et
469 2277 744 2321 interventu
781 2273 980 2318 Henrici
997 2336 999 2338 Ι
1015 2270 1219 2332 episcopi
1250 2272 1383 2316 brevi
1420 2276 1490 2315 est
1521 2269 1741 2326 confecta.
1812 2269 2166 2327 Reductoinde

387 2390 498 2436 rege
521 2374 553 2419 J
555 2374 698 2419 acobo
721 2373 772 2418 in
794 2373 1014 2432 patriam,
1044 2370 1280 2415 Henricus
1303 2369 1386 2414 ubi
1409 2383 1514 2414 cum
1538 2367 1806 2429 Anglorum
1830 2352 1939 2428 rege
1966 2366 2165 2412 benevo-

385 2476 546 2521 lentiae
570 2489 711 2519 causa
735 2470 808 2530 (eo
830 2472 881 2517 id
902 2468 1137 2532 poscente)
1165 2467 1440 2529 aliquandiu
1463 2473 1671 2513 moratus
1701 2466 1881 2519 fuisset,
1916 2471 2163 2511 revocante

386 2574 417 2619 J
419 2574 576 2627 acobo,
590 2574 641 2618 in
654 2557 860 2618 Scotiam
878 2576 949 2616 est
965 2565 1204 2616 reversus
1220 2567 1317 2613 Ubi
1334 2565 1638 2627 posteaquam
1658 2564 1809 2610 multa
1824 2565 2163 2609 consultatione

386 2687 546 2734 regem
582 2673 641 2717 ad
675 2672 880 2731 patriam
917 2666 1287 2729 (quae'principis
1321 2665 1505 2711 defectu
1528 2664 1854 2723 obbrutuerat)
1889 2663 1950 2707 ad
1981 2676 2165 2721 compo-

384 2772 567 2817 sitiores
607 2784 760 2814 mores
796 2768 1109 2814 reducendam
1150 2763 1451 2818 accenderat,
1477 2764 1537 2808 ad
1576 2761 1861 2807 Aberdoniae
1894 2765 2160 2818 susceptum

381 2885 498 2930 opus
535 2867 876 2927 complendum·
901 2865 1189 2911 revertitur:
1229 2863 1394 2922 templi
1427 2863 1627 2921 parietes
1659 2861 1800 2905 simul
1834 2873 1940 2904 cum
1979 2856 2159 2911 duobus

383 2966 724 3027 campanilibus
748 2965 955 3010 turrium
978 2964 1129 3008 instar
1151 2962 1211 3007 ad
1234 2962 1335 3021 ejus
1359 2960 1605 3005 occiduum
1620 2959 1931 3016 undequaque
1946 2968 2161 3000 consum-

381 3072 512 3112 mat:
546 3066 742 3111 tertium
765 3063 990 3123 relinquit
1014 3055 1355 3120 imperfectum,
1386 3062 1538 3102 morte
1572 3060 1826 3114 correptus,
1861 3051 2159 3113 pontificatus

376 3165 449 3210 sui
473 3179 598 3211 anno
621 3165 811 3210 decimo
827 3166 1008 3215 octavo,
1034 3165 1081 3206 et
1104 3157 1137 3204 J
1139 3157 1269 3204 acobi
1293 3155 1497 3202 Secundi
1519 3168 1643 3199 anno
1670 3158 1854 3213 quarto,
1879 3150 2160 3196 Christianae
