2944 3906
708 476 764 514 40
1329 466 1875 511 ABERDONENSIUM

713 620 943 672 vivemus,
964 616 1160 679 gratias.
1193 614 1274 663 Ad
1288 616 1416 663 hunc
1437 617 1587 679 igitur
1609 616 1766 663 virum
1790 621 1953 662 nostra
1976 619 2047 660 est
2070 614 2222 660 oratio
2252 615 2501 663 traducen-

712 718 785 763 da.
854 714 903 762 Is
927 716 977 762 in
1001 716 1179 777 inclyta
1201 713 1484 777 Glasguensi
1515 715 1722 768 civitate,
1758 720 1807 760 et
1836 714 2095 760 universali
2127 712 2286 759 schola
2307 713 2500 776 insigni,

711 820 867 869 natus,
906 828 966 860 ex
1003 819 1162 860 vetere
1192 812 1623 873 Elphinstonorum
1658 811 1841 858 familia
1879 810 2049 858 habuit
2089 812 2335 874 originem.
2402 811 2501 859 Vix

711 918 935 973 quartum
954 926 1099 974 agens
1118 925 1312 966 annum,
1329 925 1479 971 quum
1503 910 1753 957 custodum
1776 910 1961 956 incuria
1975 909 2099 957 forte
2117 910 2393 966 aberrasset,
2416 912 2500 958 diu

711 1012 957 1071 quaesitus,
991 1010 1042 1055 in
1065 1008 1375 1072 Glasguensis
1398 1008 1605 1055 basilicae
1632 1010 1856 1055 sanctiori
1879 1010 2049 1055 sacello
2071 1015 2182 1056 ante
2205 1010 2332 1056 divae
2355 1011 2502 1073 virgi-

711 1109 784 1154 nis
808 1108 1114 1154 simulacrum
1137 1108 1381 1154 invenitur
1402 1113 1669 1168 prostratus
1689 1123 1700 1154 ε
1724 1107 1851 1154 unde
1876 1114 2131 1162 extractus,
2155 1109 2238 1154 vix
2260 1109 2363 1155 sine
2384 1108 2499 1156 fletu

710 1212 853 1268 atque
875 1208 1078 1253 clamore
1099 1207 1270 1267 puerili
1293 1206 1487 1252 domum
1511 1206 1671 1252 reduci
1694 1206 1867 1267 potuit,
1890 1211 2026 1252 tanta
2047 1206 2271 1268 imaginis
2294 1213 2501 1253 contem-

710 1306 898 1365 plandae
921 1305 1092 1365 cupido
1112 1303 1186 1362 (ut
1208 1305 1449 1364 apparuit)
1467 1304 1682 1349 animum
1701 1304 1837 1364 pueri
1859 1304 2129 1358 incesserat,
2152 1319 2306 1358 omen,
2327 1307 2501 1352 multo·

710 1418 819 1450 rum
837 1403 1034 1465 Judicio,
1057 1402 1292 1463 religiosae
1315 1401 1506 1461 pietatis
1528 1401 1578 1446 in
1604 1399 1696 1446 Dei
1725 1406 1927 1447 matrem
1951 1401 2003 1447 in
2030 1416 2085 1446 eo
2107 1400 2299 1448 futurae.
2349 1401 2503 1464 Septi-

710 1514 842 1546 mum
864 1514 1009 1561 agens
1033 1513 1228 1553 annum,
1251 1498 1590 1545 laudatissimis
1614 1499 1982 1559 praeceptoribus
2005 1499 2215 1546 traditur
2237 1499 2372 1547 bonis
2401 1515 2502 1548 mo-

708 1597 839 1644 ribus
863 1604 912 1644 et
928 1597 1189 1658 disciplinis
1211 1596 1510 1643 imbuendus.
1578 1596 1674 1643 Ubi
1697 1612 1846 1657 quum
1871 1598 2151 1659 aliquandiu
2173 1601 2499 1660 grammaticae

708 1710 899 1756 operam
933 1695 1152 1749 dedisset,
1194 1695 1387 1756 ingenio
1429 1699 1621 1741 aetatem
1657 1701 1926 1756 superante,
1960 1696 2031 1742 ita
2062 1696 2276 1757 profecit,
2311 1703 2367 1744 ut
2394 1699 2498 1761 Jam

710 1800 825 1840 tunc
846 1794 1036 1854 qualem
1060 1799 1224 1854 postea
1245 1808 1295 1839 se
1317 1798 1583 1853 praestaret,
1605 1793 1815 1853 polliceri
1838 1800 1886 1841 et
1908 1795 1966 1840 de
1987 1809 2038 1841 se
2065 1810 2197 1855 spem
2219 1795 2373 1843 faeere
2401 1810 2499 1844 cer-

708 1899 808 1939 tam
843 1892 1097 1938 videretur.
1166 1890 1444 1938 Delectabat
1478 1890 1819 1954 Glasguensem
1850 1893 2115 1939 antistitem
2147 1895 2283 1954 pueri
2318 1895 2498 1942 indoles

709 2000 859 2050 usque
882 1990 999 2046 adeo
1022 1995 1078 2035 ut
1110 2004 1207 2035 non
1237 1990 1371 2050 prius
1403 2004 1588 2036 coenare
1615 1991 1861 2051 placuerit,
1895 2006 2041 2052 quam
2075 1993 2354 2039 accersitum
2376 1993 2500 2042 Wil-

708 2088 919 2133 helmum
952 2093 1037 2134 aut
1070 2088 1248 2134 dictata
1275 2088 1436 2148 aliqua
1466 2094 1552 2134 aut
1580 2103 1769 2135 carmen
1799 2090 2015 2136 audierat
2045 2089 2337 2138 recitantem.
2405 2092 2500 2139 De-

708 2185 945 2232 lectabant
969 2200 1131 2232 omnes
1159 2187 1294 2246 pueri
1327 2201 1496 2241 mores,
1519 2188 1781 2249 ingenium,
1804 2188 2091 2250 speciesque,
2119 2204 2216 2250 qua
2242 2191 2495 2238 admodum

709 2282 928 2343 pollebat,
962 2289 1018 2329 ut
1045 2284 1146 2345 jam
1183 2298 1281 2330 non
1307 2283 1506 2331 obscura
1532 2291 1688 2332 essent
1717 2286 1770 2332 in
1791 2285 2052 2334 Wilhelmo
2074 2288 2322 2335 literarum
2353 2295 2496 2351 atque

709 2383 944 2429 virtutum
968 2382 1253 2437 seminaria;
1284 2383 1499 2429 omnium
1522 2384 1668 2430 oculis
1691 2390 1873 2446 gratus,
1895 2385 2117 2431 omnibus
2140 2392 2243 2432 erat
2265 2394 2495 2448 acceptus.

710 2478 858 2526 Haud
879 2480 1264 2540 praetereundum
1295 2480 1374 2527 hic
1400 2495 1580 2536 censeo,
1610 2482 1739 2542 quod
1760 2482 2019 2529 Wilhehno
2041 2483 2197 2530 adhue
2218 2499 2367 2544 puero
2388 2499 2498 2532 con-

708 2577 835 2638 tigit.
886 2576 1031 2623 Visus
1053 2577 1211 2624 fuerat
1232 2579 1407 2625 vidisse
1429 2594 1514 2639 per
1536 2580 1759 2640 quietem,
1789 2594 1891 2627 sese
1919 2586 2030 2627 ante
2052 2582 2178 2628 divae
2209 2583 2411 2645 virginis
2434 2585 2497 2630 si-

709 2675 988 2730 mulacrum,
1007 2681 1210 2736 utroque
1226 2691 1355 2738 genu
1368 2678 1537 2737 posito,
1552 2683 1608 2723 ut
1623 2678 1827 2740 vigilans
1849 2677 2145 2739 frequentius
2171 2688 2495 2736 consueverat,

706 2772 934 2820 attentius
959 2772 1218 2833 Deiparam
1252 2774 1517 2821 obsecrasse
1549 2790 1610 2821 ne
1643 2790 1694 2822 se
1726 2776 1779 2822 in
1814 2775 1999 2823 facinus
2033 2778 2226 2838 aliquod
2259 2779 2496 2826 detestan-

710 2871 826 2917 dum
848 2869 959 2925 labi,
990 2885 1110 2918 neve
1140 2871 1452 2933 turpitudinis
1475 2873 1656 2933 aliquid
1677 2888 1763 2934 per
1783 2874 2078 2922 voluntatem
2101 2875 2351 2923 admittere
2372 2876 2495 2923 sine·

710 2974 797 3023 ret,
818 2974 875 3015 ut
896 2969 1089 3016 tandem
1110 2969 1269 3031 quiete
1291 2975 1339 3017 et
1356 2975 1515 3017 sancte
1538 2971 1599 3017 ad
1615 2970 1798 3018 felicem
1820 2972 1936 3019 vitae
1959 2973 2140 3020 exitum
2157 2973 2349 3020 duceret
2366 2986 2380 3021 τ
2397 2974 2493 3021 vir-

708 3064 864 3124 ginem
879 3067 1188 3128 respondisse,
1205 3065 1390 3115 Virtuti
1410 3073 1458 3115 te
1475 3073 1631 3115 totum
1655 3070 1968 3125 accommoda,
1989 3075 2038 3117 et
2059 3069 2142 3117 ubi
2164 3069 2489 3131 pontificatum
