2944 3906
1002 541 1459 586 EPISCOPORUM
1489 543 1666 587 VITAE.
2178 550 2204 588 ’7
2207 550 2234 588 5

440 693 557 737 dare
582 691 738 743 vellet,
765 687 835 735 Ut
857 688 989 743 bene,
1013 691 1185 751 inquit,
1208 691 1272 738 sit
1294 691 1361 738 eis
1381 704 1393 737 ε
1419 705 1507 753 ego
1530 692 1592 737 ad
1612 691 1821 737 feliciora
1843 706 2000 754 pergo.
2059 693 2127 740 Et
2150 694 2232 740 ubi

440 804 566 851 aegra
600 788 759 834 anima
787 789 992 848 amplius
1028 789 1265 836 demorari
1298 804 1396 836 non
1429 790 1600 850 potuit,
1625 789 1735 836 Iesu
1760 786 2019 837 Salvatoris
2042 793 2232 838 nomine

440 888 635 948 ejusque
669 886 922 947 genetricis
956 886 1252 948 frequentius
1286 889 1520 942 invocato,
1559 888 1771 935 obticuit.
1841 888 2074 949 Spiritum
2107 891 2233 945 inde,

438 999 534 1031 non
557 985 689 1030 velut
711 989 925 1030 extrema
946 986 1146 1045 patiens,
1181 968 1265 1032 sed
1294 987 1526 1046 arripiens
1550 988 1774 1047 quietem,
1798 987 1960 1034 hausit
1982 989 2200 1034 divinum
2219 1006 2230 1034 ε

437 1088 604 1128 natum
633 1083 694 1128 ad
716 1082 857 1128 decus
880 1088 1054 1129 nostrae
1076 1084 1244 1138 aetatis,
1276 1083 1526 1130 Scotorum
1549 1086 1685 1145 regni
1709 1086 2019 1144 splendorem,
2042 1093 2089 1133 et
2112 1088 2232 1134 divi-

438 1181 488 1226 ni
520 1182 677 1226 cultus
713 1186 1056 1243 augmentum3
1091 1187 1258 1242 utpote
1278 1183 1379 1242 qui,
1403 1196 1512 1228 cum
1546 1187 1632 1229 aut
1665 1182 1794 1228 domi
1828 1190 1912 1229 aut
1945 1183 2061 1230 foris
2095 1191 2231 1239 esset,

436 1294 532 1339 quo
555 1280 752 1340 ecclesia·
769 1281 917 1326 totius
940 1280 1298 1342 gubernationis
1322 1281 1412 1327 sibi
1438 1282 1697 1343 commissae
1720 1281 1997 1328 cultioribus
2020 1283 2233 1329 ministe-

436 1379 520 1423 riis
535 1378 612 1438 pie
630 1385 677 1424 et
695 1379 912 1440 religiose
929 1380 1175 1434 coleretur,
1190 1377 1435 1439 multoque
1449 1394 1595 1439 quam
1609 1379 1791 1427 dudum
1806 1382 2021 1440 exemplo
2036 1382 2146 1427 vitae
2158 1397 2233 1428 sa-

436 1478 681 1523 cerdotum
692 1477 925 1523 illustrior
937 1478 1227 1532 redderetur,
1239 1478 1500 1537 impensius
1513 1478 1696 1524 curavit
1709 1479 2041 1539 praestititque.
2068 1479 2230 1541 HUJus

433 1575 581 1621 felicis
596 1575 830 1634 pontificis
845 1576 886 1620 is
901 1581 1002 1621 erat
1009 1576 1181 1629 exitus,
1187 1581 1497 1635 posteaquam
1511 1576 1712 1637 triginta
1722 1591 1871 1622 annos
1886 1578 2084 1624 sederat.
2104 1575 2229 1640 Ejus

434 1678 969 1732 corpus,exenteratum,
982 1674 1226 1720 conditum
1237 1673 1543 1726 aromatibus,
1558 1674 1668 1719 inde
1675 1675 1884 1721 delatum
1892 1675 2230 1732 Aberdoniam,

435 1786 534 1817 non
551 1778 651 1818 tam
667 1771 836 1819 celebri
851 1786 1026 1832 pompa
1038 1779 1183 1833 quam
1197 1771 1405 1833 lugubri,
1423 1772 1482 1817 in>
1493 1786 1580 1818 suo
1599 1773 1794 1834 collegio
1809 1778 1919 1819 ante
1936 1775 2232 1835 praecipuum

436 1872 584 1916 altare
608 1876 680 1916 est
702 1870 970 1916 humatum.
1017 1870 1236 1917 Extitere
1260 1875 1365 1916 tum
1389 1871 1608 1931 prodigia
1630 1871 1826 1931 aliquot.
1874 1872 2083 1919 Foverni
2107 1872 2230 1931 (vico

436 1983 610 2015 nomen
633 1974 706 2015 est
729 1969 889 2015 decem
911 1969 1121 2016 millibus
1144 1983 1372 2029 passuum
1395 1968 1461 2025 ab
1479 1967 1773 2030 Aberdonia)
1797 1970 1954 2017 infans
1978 1971 2135 2032 biceps
2158 1979 2230 2019 at-

437 2082 529 2127 que
547 2067 779 2127 bicorpor,
803 2068 987 2114 duobus
1012 2073 1174 2114 tamen
1195 2066 1428 2122 cruribuS,
1452 2073 1594 2114 natus
1615 2082 1627 2122 ;
1657 2069 1709 2113 in
1731 2083 1786 2114 eo
1808 2069 1985 2129 alioqui
2007 2070 2129 2117 nihil
2145 2071 2230 2116 foe-

434 2167 550 2211 dum
573 2172 779 2226 aspectu.
847 2164 990 2212 Alius
1013 2165 1300 2212 Aberdoniae
1326 2172 1483 2220 natus,
1507 2167 1591 2226 qui
1622 2168 1850 2213 maternis
1873 2169 2093 2215 admotus
2118 2169 2229 2215 ube-

433 2265 566 2311 ribus
589 2279 674 2311 nec
697 2279 752 2310 ea
774 2280 988 2325 unquam
1016 2279 1186 2326 sugere
1219 2265 1385 2319 voluit,
1416 2279 1502 2310 nec
1531 2270 1732 2310 matrem
1761 2265 1977 2321 horribili
2005 2267 2107 2313 sine
2137 2269 2229 2314 cla-

435 2379 566 2409 more
589 2364 765 2418 videre,
799 2364 1010 2425 cujusvis
1041 2364 1237 2410 alterius
1260 2362 1453 2410 feminae
1473 2371 1712 2409 'mammas
1735 2364 1917 2423 placide
1940 2367 2226 2425 complexus.

436 2461 506 2508 Et
529 2463 705 2522 pinnae,
738 2477 847 2522 quae
870 2468 1006 2508 motu
1028 2468 1281 2508 ventorum
1304 2462 1516 2508 indicant
1537 2461 1721 2516 flatum,
1752 2468 1800 2508 et
1829 2462 1890 2508 ob
1919 2463 2008 2508 hoc
2030 2466 2227 2524 templo-

435 2575 544 2606 rum
567 2561 832 2619 pinnaculis
856 2561 1098 2615 adhibitae,
1122 2576 1230 2621 quae
1253 2560 1541 2607 Aberdoniae
1564 2560 1711 2616 fuere,
1743 2567 1830 2611 ,aut
1852 2563 2119 2609 ceciderunt
2142 2570 2226 2610 aut

437 2658 644 2704 effractae
680 2665 794 2706 sunt
827 2675 1004 2706 omnes.
1070 2660 1178 2714 Quo
1200 2660 1346 2706 etiam
1369 2665 1581 2719 tempore
1603 2659 1850 2706 Wilhelmi
1872 2660 2017 2706 funus
2041 2668 2112 2707 est
2135 2663 2227 2707 ela-

437 2764 557 2811 tum,
575 2758 827 2817 pastoralis
845 2758 1055 2813 baculus,
1074 2774 1134 2805 ex
1154 2763 1358 2821 'argento
1380 2757 1624 2814 conflatus,
1647 2774 1790 2819 quem
1806 2757 2077 2806 Alexander
2098 2759 2226 2805 Lau-

435 2858 618 2903 rentius
644 2854 718 2914 (ut
740 2857 792 2902 in
815 2855 1004 2902 funebri
1025 2856 1080 2903 fit
1104 2858 1296 2918 pompa)
1321 2856 1551 2918 gestabat,
1567 2856 1747 2903 fractus
1770 2863 1855 2911 est,
1878 2858 2112 2903 incertum
2129 2872 2224 2918 quo

436 2961 589 3014 pacto,
625 2957 774 3015 altera
809 2961 943 3016 parte
970 2956 1022 3002 in
1048 2938 1239 3008 foSsam,
1273 2954 1355 3000 ubi
1389 2953 1622 3014 pontificis
1657 2955 1856 3000 cadaver
1889 2960 1990 3000 erat
2024 2955 2224 3001 conden-

436 3053 566 3107 dum,
601 3059 864 3101 corruente.
914 3053 1077 3099 Allata
1099 3058 1171 3100 est
1201 3052 1307 3099 tum
1334 3053 1513 3098 incerta
1535 3066 1644 3106 vox,
1667 3051 1736 3098 Et
1759 3058 1928 3106 tecum,
1952 3052 2222 3107 Wilhelme,

437 3150 581 3197 mitra
603 3152 885 3212 sepelienda.
