2944 3906
767 404 794 441 4
1370 391 1911 437 ABERDONENSIUM

998 846 1252 892 HECTOR
1280 843 1552 889 BOETIUS
1582 843 2004 888 DEIDONENSIS
2035 844 2121 888 DE
2153 844 2318 888 VITIS

1166 955 1554 1001 PONTIFICUM
1583 954 2147 1000 ABERDONENSIUM.

834 1126 1255 1176 MALCOLMUS
1279 1126 1595 1174 KENNETI
1620 1126 1868 1174 Scotorum
1890 1141 2038 1190 regno
2061 1128 2257 1188 potitus,
2279 1126 2447 1174 ferocis
2471 1142 2553 1188 po-

768 1228 868 1289 puli
891 1227 1106 1273 efferatos
1129 1226 1311 1272 animos
1334 1226 1559 1287 religione
1583 1225 1818 1286 mitigare,
1843 1240 2041 1286 eamque
2063 1231 2270 1287 gentem,
2293 1240 2402 1286 quae
2427 1226 2553 1272 inter

769 1327 887 1372 duos
911 1340 1072 1371 amnes
1096 1324 1280 1385 Deyam
1297 1338 1351 1369 ac
1370 1323 1573 1382 Speyam
1590 1323 1722 1368 sedes
1740 1322 1897 1376 habet,
1915 1323 2286 1384 magistratuum
2303 1324 2554 1385 indulgen-

770 1424 838 1470 tia
864 1423 1085 1468 effrenem
1118 1419 1367 1479 (immenso
1399 1420 1526 1464 enim
1557 1419 1727 1465 itinere
1757 1434 1844 1465 suo
1878 1419 1939 1465 ab
1972 1420 2191 1480 episcopo
2220 1420 2556 1482 disjungeban-

769 1522 867 1581 tur)
883 1521 1007 1582 jure,
1029 1517 1320 1580 legibusque,
1343 1532 1397 1563 ac
1419 1517 1646 1571 moribuS,
1670 1516 1881 1563 imbuere
1903 1532 2092 1578 parans,
2117 1517 2378 1564 Murthlaci
2401 1520 2557 1579 ponti-

770 1619 901 1664 ficem
919 1631 1106 1663 sacrum
1132 1616 1468 1677 magistratum
1502 1615 1686 1675 primus
1713 1615 1927 1662 omnium
1950 1616 2176 1669 instituit,
2200 1617 2275 1662 sui
2298 1618 2436 1678 regni
2458 1632 2543 1664 an-

771 1732 833 1763 no
850 1722 997 1769 sextu,
1020 1715 1276 1760 mundanae
1300 1714 1497 1775 originis
1521 1714 1672 1759 sexies
1696 1714 1947 1760 millesimo
1969 1715 2290 1761 ducentesimo
2313 1730 2453 1771 nono,
2477 1717 2558 1762 ad-

445 1825 568 1874 ΑΒ,
596 1829 686 1872 101
694 1829 738 1872 ο,
773 1820 943 1861 ventus
962 1813 1144 1859 Christi
1158 1813 1209 1858 in
1223 1827 1411 1858 carnem
1431 1812 1613 1858 decimo
1631 1827 1776 1872 supra
1793 1813 2097 1859 millesimum
2117 1826 2128 1858 τ
2154 1812 2466 1875 Beanumque
2489 1816 2559 1861 vi-

774 1928 882 1960 rum
899 1912 1160 1972 disciplina,
1183 1910 1273 1956 fide
1290 1916 1338 1956 et
1354 1911 1528 1970 pietate
1546 1911 1798 1972 insignem,
1815 1910 1882 1956 ibi
1899 1917 2110 1957 creatum
2124 1911 2393 1971 pontificem
2411 1927 2558 1959 sacrae

774 2011 891 2078 pedis
908 2010 1163 2056 condendae
1179 2009 1295 2062 loco,
1317 2009 1510 2068 praediis
1533 2015 1580 2055 et
1597 2009 1724 2071 agris
1742 2009 1799 2054 de
1818 2008 2104 2082 Murthlaco,
2123 2009 2340 2064 Cloueth‚
2358 2017 2406 2057 et
2422 2010 2561 2057 Dun-

775 2108 920 2161 meth,
942 2107 1114 2153 horum
1145 2122 1253 2153 cum
1287 2107 1607 2152 ecclesiasticis
1638 2107 1914 2161 redditibus,
1938 2108 1999 2153 ad
2021 2113 2272 2167 perpetuos
2295 2108 2559 2168 pontificios

776 2211 994 2266 sumptus
1017 2206 1225 2251 donavit.
1294 2204 1462 2264 Neque
1493 2205 1641 2250 alium
1671 2205 1957 2266 erogationis
1986 2205 2323 2265 diplomatibus
2353 2203 2560 2264 (chartas

773 2305 936 2350 dicunt
966 2303 1135 2364 nostri)
1171 2308 1342 2363 praeter
1370 2317 1418 2348 se
1448 2303 1690 2362 inscripsit
1712 2308 1914 2358 testem3
1952 2309 2088 2350 tanta
2115 2298 2227 2350 'tum
2248 2303 2363 2350 fides
2385 2312 2562 2352 morta-

771 2403 889 2448 lium
912 2402 1094 2447 animos
1117 2401 1339 2462 regebat:
1357 2401 1631 2460 diplomata
1653 2406 1819 2447 extant
1842 2402 1894 2447 in
1915 2402 1984 2447 rei
2006 2401 2161 2447 fidem.
2199 2401 2424 2449 Pontifex
2447 2419 2560 2450 vero

707 2544 715 2553 ,
771 2499 962 2547 Beanus
984 2500 1067 2546 ubi
1090 2514 1286 2546 suorum
1314 2505 1520 2559 pectora,
1550 2500 1694 2545 sacris
1723 2500 1916 2546 monitis
1939 2507 1986 2546 et
2010 2501 2251 2561 exemplis,
2274 2501 2450 2561 pietate
2472 2504 2561 2549 im-

771 2598 952 2653 buerat,
986 2614 1111 2645 anno
1139 2599 1386 2660 trigesimo
1410 2599 1616 2644 secundo
1649 2605 1757 2658 post
1787 2599 1962 2645 initum
1990 2598 2318 2659 pontificatum
2349 2615 2375 2645 e
2405 2602 2561 2648 medio

770 2698 999 2752 sublatus,
1017 2697 1278 2743 Murthlaci
1293 2698 1353 2743 ad
1373 2698 1538 2757 templi
1558 2694 1702 2757 (quod
1715 2698 1816 2758 ipse
1838 2700 2133 2760 extruxerat)
2151 2699 2380 2758 posticam
2402 2699 2561 2747 debito

768 2795 946 2842 honore
969 2797 1209 2857 sepelitur.
1270 2795 1393 2842 Erat
1411 2797 1452 2842 is
1476 2811 1629 2842 annus
1652 2797 1778 2858 regis
1795 2795 2016 2842 Duncani
2039 2798 2268 2858 septimus
2287 2811 2302 2853 ς
2325 2813 2355 2844 a
2368 2797 2560 2845 Christo

441 2891 563 2937 A.D.
590 2892 732 2938 1041.
768 2902 880 2942 nato
902 2896 1180 2942 millesimus
1205 2896 1595 2957 quadragesimus
1618 2895 1815 2954 primus.

831 3089 1024 3136 Exinde
1047 3090 1098 3136 in
1121 3089 1358 3136 demortui
1384 3090 1539 3135 locum
1563 3088 1786 3136 suffectus
1809 3088 2220 3145 DONORTIUS,
2242 3091 2558 3154 quadraginta
