2944 3906
976 488 1432 536 EPISCOPORUM
1463 493 1640 535 VITAE.
2149 492 2201 530 41

422 657 517 702 quo
535 648 581 688 te
599 641 782 688 donabo
798 639 945 686 fueris
969 641 1183 701 adeptus,
1202 641 1383 687 Christi
1404 641 1623 702 religioni
1647 640 1848 694 consule,
1872 639 1988 684 meis
2013 641 2202 700 templis

414 739 703 787 instauratis.
751 738 994 800 Ingemuit
1011 739 1165 786 adhuc
1182 741 1418 786 dormiens
1432 754 1565 800 puer,
1579 739 1801 798 querulas
1817 752 1951 783 voces
1967 739 2203 792 emittens,

412 853 553 898 quem
567 836 838 897 praeceptor,
851 839 934 897 qui
947 843 1051 884 tum
1067 839 1244 892 aderat,
1260 839 1518 884 excitatum
1532 838 1722 899 rogavit
1736 837 1941 882 insolitae
1955 837 2081 882 vocis
2097 852 2206 882 cau-

412 951 513 982 sam
534 935 560 980 :'
579 934 696 981 flens
719 937 906 995 puellus
930 938 991 982 ad
1013 937 1312 997 praeceptoris
1336 937 1494 990 verba,
1519 937 1602 996 qui
1624 936 1753 981 haud
1777 936 1904 981 aliud
1929 950 1982 980 ac
2005 907 2206 995 praecep-

410 1034 561 1081 torem
579 1035 732 1080 vereri
751 1041 894 1095 atque
917 1036 968 1080 in
992 1035 1212 1081 omnibus
1237 1035 1560 1095 obtemperare
1582 1040 1688 1080 tum
1710 1040 1907 1080 noverat
1925 1034 1985 1079 ob
2004 1012 2204 1087 aetatem,

410 1148 537 1194 aegre
548 1134 676 1193 quod
686 1134 816 1179 visus
830 1133 986 1179 fuerat
997 1134 1170 1188 videre,
1186 1134 1351 1179 edicit:
1371 1138 1648 1193 praeceptor,
1660 1137 1715 1177 ut
1726 1133 1932 1191 prudens
1948 1138 2048 1177 erat
2063 1138 2205 1191 atque

410 1232 748 1292 perhumanus,
763 1231 928 1278 fletum
947 1231 1178 1287 cohibere,
1202 1237 1356 1278 tacere
1379 1246 1480 1277 rem
1498 1231 1641 1293 jubet,
1660 1231 2014 1302 adolescentem,
2037 1230 2206 1275 virtuti

411 1346 460 1376 se
484 1332 610 1385 dare,
633 1332 686 1376 in
710 1332 906 1377 somniis
930 1332 1127 1377 minime
1150 1330 1395 1384 confidere,
1420 1331 1593 1375 tacitus
1617 1330 1776 1375 animo
1800 1330 2008 1383 volvens,
2033 1329 2204 1374 tacitus

412 1430 712 1475 considerans
737 1430 918 1489 aliquid
947 1430 1098 1475 altum
1130 1429 1424 1488 sublimeque
1447 1429 1497 1473 in
1520 1443 1667 1487 puero
1690 1427 1949 1472 Wilhelmo
1972 1427 2204 1473 futurum.

411 1527 680 1573 Puerilibus
699 1528 869 1572 dehinc
886 1527 1023 1572 annis
1042 1527 1250 1586 quietem
1269 1532 1316 1571 et
1333 1527 1708 1571 taciturnitatem
1726 1527 1982 1579 adamavit,
1999 1541 2207 1586 praecep-

411 1626 593 1671 toribus
616 1624 1025 1685 familiaribusque
1047 1623 1234 1669 facilem
1258 1638 1358 1669 sese
1380 1623 1588 1683 praebuit
1612 1629 1659 1668 et
1682 1623 2016 1683 obsequentem
2037 1638 2050 1678 ;
2090 1625 2206 1669 adeo

411 1729 466 1769 ut
500 1723 640 1770 multi
674 1722 854 1769 futurae
899 1723 1181 1769 constantiae
1226 1722 1730 1783 magnanimitatisque
1770 1722 1821 1766 in
1861 1736 1916 1767 eo
1956 1722 2208 1767 seminaria

413 1837 690 1884 cognoscere
706 1822 980 1881 inciperent.
1017 1820 1092 1867 Ita
1107 1821 1388 1881 primaevam
1404 1825 1596 1866 aetatem
1613 1819 1860 1882 literarum
1875 1821 2059 1875 studiis,
2074 1826 2207 1883 tanto

412 1928 573 1967 tamen
595 1921 788 1982 ingenio
811 1935 908 1966 non
930 1920 1046 1965 satis
1070 1919 1258 1980 dignis.
1276 1919 1581 1977 consumpsit.
1652 1917 1944 1964 Vicesimum
1968 1920 2208 1980 attingens

414 2035 607 2073 annum,
639 2020 700 2064 ad
728 2018 1020 2064 dialecticam
1051 2022 1099 2063 et
1128 2017 1375 2077 physicam
1406 2031 1456 2062 se
1487 2017 1718 2062 contulit:
1753 2016 1835 2062 ubi
1868 2017 2207 2076 aliquantisper

414 2121 644 2172 versatus,
668 2118 783 2163 adeo
802 2116 1001 2177 profecit
1018 2122 1074 2162 ut
1092 2116 1226 2162 brevi
1246 2120 1490 2175 superaret
1508 2115 1723 2175 aequales.
1770 2114 2138 2160 Consummatus
2156 2116 2208 2160 in

412 2217 725 2277 philosophia.
749 2217 973 2276 quintum
1005 2229 1185 2260 annum
1210 2229 1356 2274 supra
1389 2195 1665 2259 vicesimum
1691 2222 1862 2275 agens,
1897 2214 2206 2275 magistratus

413 2316 621 2378 insignia
638 2315 688 2360 in
702 2314 974 2360 liberalibus
990 2313 1248 2373 disciplinis
1264 2312 1407 2358 simul
1421 2299 1564 2371 atque
1581 2312 1895 2383 sacerdotium
1910 2316 1980 2357 est
1993 2310 2203 2370 adeptus.

416 2415 686 2461 Distractus
710 2414 836 2458 enim
861 2428 889 2458 a
912 2412 1081 2458 studiis
1106 2412 1287 2472 aliquot
1310 2425 1473 2465 annos,
1497 2403 1757 2470 parentum
1772 2425 1869 2456 non
1891 2410 2006 2455 adeo
2029 2416 2084 2455 ut
2107 2424 2207 2455 cor-

415 2513 543 2572 poris
577 2518 691 2559 sunt
725 2526 869 2566 curae,
903 2511 1138 2571 parentali
1171 2510 1240 2555 rei
1273 2508 1497 2554 familiari
1523 2508 1790 2569 praeficitur,
1824 2508 1907 2554 ubi
1941 2508 2214 2570 incredibili⁴

413 2612 679 2671 prudentia,
702 2611 1076 2669 dexteritateque
1100 2608 1329 2661 inaudita,
1363 2589 1577 2653 omnium
1601 2622 1709 2652 cum
1734 2607 2075 2661 benevolentia,
2100 2621 2206 2669 sese!

416 2709 577 2771 gessit.
624 2708 847 2754 Ostendit
868 2707 1157 2754 Wilhehnus
1183 2703 1391 2764 (tametsi
1415 2706 1475 2750 ad
1498 2706 1659 2752 literas
1682 2706 1888 2751 maxime
1911 2710 2052 2750 natus
2075 2705 2204 2750 vide-

416 2808 576 2868 batur)
601 2807 847 2869 ingenium
870 2812 1030 2852 tamen
1054 2805 1144 2851 sibi
1167 2805 1228 2850 ad
1250 2818 1349 2850 rem
1374 2804 1678 2849 domesticam
1702 2810 1749 2850 et
1771 2803 2002 2849 urbanam
2025 2816 2203 2848 accom-

416 2906 694 2960 modatum3
731 2918 956 2965 spemque
989 2902 1188 2965 ingessit
1218 2901 1381 2947 amicis
1414 2906 1461 2946 et
1492 2902 1771 2947 eruditionis
1803 2907 1850 2946 et
1879 2901 2058 2946 futurae
2090 2914 2211 2960 pru-‚

418 3006 606 3051 dentiae.
641 3004 765 3074 Rem
782 3002 1086 3050 domesticam
1105 3001 1198 3046 cito
1216 2998 1510 3059 vilipendens
1536 2994 1682 3058 (quod
1699 3000 1759 3045 ad
1775 2999 1955 3064 altiora·
1966 2998 2198 3058 tenderet)

413 3103 594 3164 gloriae,
627 3102 859 3151 modestia
890 3106 1092 3156 servata,
1126 3099 1340 3160 cupiduS,
1378 3098 1437 3144 ad
1459 3097 1688 3158 pontificii
1715 3099 1841 3161 Juris
1866 3098 2079 3146 studium
2103 3113 2202 3144 sese

1228 3228 1230 3230 ,
1289 3197 1322 3231 F
