2944 3906
1012 513 1466 558 EPISCOPORUM
1494 513 1671 556 VITAE.
2184 514 2238 553 55

445 667 659 713 facturae.
729 663 832 709 Has
856 677 1019 709 omnes
1043 663 1332 709 Wilhelmus
1359 660 1552 724 (magno
1574 660 1753 716 labore)
1787 659 2027 706 submovit
2049 659 2239 720 penitus

445 771 587 825 atque
605 761 824 815 extinxit,
844 762 1016 808 amotis
1035 762 1273 808 intestinis
1292 760 1615 807 simultatibus
1630 759 1775 805 simul
1793 763 1935 818 atque
1951 759 2237 805 seditionum

445 861 724 909 seminariis.

512 959 619 1004 Rex
652 958 685 1003 J
686 959 872 1013 acobus,
908 974 1059 1019 quum
1090 974 1177 1006 nec
1210 961 1340 1006 domi
1370 973 1455 1004 nec
1485 957 1601 1004 foris
1634 957 1820 1002 hostem
1850 955 2059 1010 haberet,
2096 957 2156 1002 ad
2186 971 2239 1001 ea

443 1072 552 1118 quae
575 1058 637 1104 ad
667 1057 845 1117 publici
875 1046 1111 1104 commodi
1139 1059 1398 1104 utilitatem
1424 1063 1471 1103 et
1506 1057 1646 1101 decus
1679 1055 1968 1115 spectabant,
1990 1054 2240 1101 Wilhelmi

442 1156 681 1217 praecipue
705 1171 864 1210 suasu,
899 1157 1072 1218 adjecit
1101 1157 1330 1203 animum.
1398 1154 1431 1200 J
1431 1153 1654 1200 udicandi
1688 1153 1921 1198 rationem
1955 1153 2136 1212 aliquot
2158 1168 2242 1198 an-

443 1270 544 1309 nos,
575 1256 803 1315 temporis
835 1255 1102 1315 iniquitate,
1127 1256 1351 1301 omissam
1377 1250 1648 1316 (justitiarii
1681 1252 1773 1297 iter
1800 1251 1990 1312 vocant)
2015 1251 2240 1304 restituit,

442 1360 497 1400 ut
531 1359 760 1414 raptores,
785 1354 1078 1413 spoliatores,
1110 1353 1376 1407 homicidae,
1408 1357 1703 1411 stupratores
1738 1355 2063 1395 matronarum
2090 1349 2242 1411 virgi-

441 1467 633 1506 numve,
668 1467 895 1513 agrorum
931 1453 1307 1512 depopulatores,
1331 1451 1578 1510 caeterique
1594 1507 1598 1510 Δ
1612 1448 1966 1509 perturbatores
1995 1449 2159 1508 populi
2191 1455 2238 1495 et

441 1551 643 1610 publicae
666 1551 855 1610 quietis,
872 1551 1092 1611 judicum
1115 1549 1412 1602 auctoritate,
1436 1549 1520 1609 qui
1543 1548 1603 1594 ob
1625 1548 1715 1593 hoc
1738 1548 1841 1609 ejus
1869 1548 2010 1609 jussu
2037 1562 2239 1608 regnum

443 1648 728 1702 lustrabant,
763 1648 923 1710 dignis
957 1648 1201 1708 suppliciis
1229 1647 1539 1693 afficerentur.
1608 1645 1826 1705 Denique
1858 1645 1941 1691 ubi
1973 1646 2132 1691 omnia
2158 1660 2241 1705 pa-

441 1753 546 1793 cata
569 1747 871 1800 videbantur,
894 1746 1182 1792 factionibus
1207 1752 1291 1792 aut
1315 1745 1534 1792 cohibitis
1567 1751 1651 1790 aut
1673 1745 1862 1804 penitus
1886 1745 2093 1797 semotis,
2115 1743 2240 1790 facto

441 1852 608 1891 senatu
626 1847 966 1905 parliamenteo
990 1844 1281 1907 Edinburgi,
1300 1845 1540 1891 communi
1561 1844 1774 1890 omnium
1799 1858 1942 1889 sensu
1963 1843 2138 1904 legatio
2161 1844 2240 1888 de-

441 1950 568 1991 creta
585 1945 646 1989 ad
663 1944 1051 1990 Maximilianum
1067 1943 1320 1997 Caesarem,
1336 1958 1447 2004 quae
1462 1943 1565 2004 ejus
1579 1942 1726 1988 filiam
1743 1941 2059 2003 Margaritam
2074 1942 2239 2001 depos-

441 2048 578 2088 ceret.
649 2042 883 2102 Cupiebat
906 2042 1210 2089 vehementer
1238 2043 1506 2088 adolescens
1529 2056 1615 2087 rex
1637 2041 1873 2101 virginem
1897 2055 2001 2085 eam
2023 2054 2238 2094 uxorem,

442 2147 635 2187 auctum
667 2141 728 2186 iri
760 2141 1037 2187 existimans
1069 2141 1251 2202 regiam
1274 2141 1492 2202 gloriam,
1528 2141 1569 2185 si
1593 2139 1798 2185 Caesarei
1833 2139 2079 2200 sanguinis
2103 2153 2240 2184 orna-

440 2246 601 2286 mento
640 2240 988 2286 honestaretur.
1057 2238 1117 2284 In
1148 2239 1542 2284 consultationem
1577 2237 1840 2290 deducitur,
1872 2250 2015 2296 quem
2049 2236 2240 2296 potissi-

442 2354 575 2384 mum
601 2322 874 2399 judicarent
907 2337 1196 2383 mittendum
1226 2338 1452 2398 legatum.
1521 2335 1760 2396 Suffragia
1782 2335 1943 2380 omnia
1963 2334 2015 2380 in
2038 2333 2239 2379 Wilhel-

441 2452 576 2483 mum
598 2437 829 2482 recidunt.
871 2435 1120 2482 Profectus
1143 2451 1257 2497 ergo
1275 2410 1579 2488 Wilhelmus,
1602 2434 1749 2480 simul
1772 2438 1914 2494 atque
1937 2433 2018 2478 alii
2041 2433 2236 2492 quidam

443 2551 501 2580 ex
523 2536 659 2597 regni
688 2535 949 2597 majoribus
975 2531 1166 2594 (quibus
1190 2549 1299 2580 cum
1321 2533 1581 2579 Wilhelmo
1611 2532 1857 2593 negotium
1889 2537 1992 2577 erat
2022 2531 2239 2578 commis-

443 2635 569 2695 sum)
605 2635 666 2679 ad
700 2634 1086 2689 Maximilianum
1121 2634 1470 2693 imperatorem,
1504 2646 1606 2677 rem
1639 2630 1910 2691 perfecisset
1945 2626 2236 2689 (quanquam

443 2713 592 2780 ardua
614 2738 717 2778 erat
739 2737 881 2791 atque
906 2732 1124 2793 difficilis)
1149 2732 1201 2777 ni
1222 2736 1358 2791 pater
1375 2731 1612 2792 virginem
1636 2729 1954 2790 Margaritam
1980 2727 2236 2786 Hispania-

444 2845 551 2876 rum
570 2830 773 2890 principi
790 2830 922 2889 prius
941 2830 1281 2888 desponsasset.
1313 2828 1382 2873 Et
1396 2843 1455 2873 ne
1472 2828 1594 2874 nihil
1609 2829 1759 2889 egisse
1768 2827 2023 2878 videretur,
2041 2826 2234 2885 longam

444 2929 574 2977 litem
600 2929 724 2975 inter
742 2927 1045 2973 Colonienses
1068 2931 1347 2986 nostrosque
1371 2926 1596 2984 prudenti
1619 2925 1813 2971 consilio
1836 2928 1979 2983 atque
2003 2936 2145 2982 opera
2168 2922 2238 2968 ita

445 3027 649 3080 diremit,
671 3031 728 3072 ut
746 3026 918 3071 veteris
942 3025 1188 3071 discordiae
1211 3038 1271 3069 ne
1294 3023 1550 3084 vestigium
1573 3022 1764 3082 quidem
1787 3019 2088 3081 superfuerit.
2135 3017 2235 3065 Sub

446 3124 495 3169 id
518 3130 704 3183 tempus
741 3124 1013 3176 Eduardus,
1038 3123 1150 3169 olim
1185 3121 1383 3170 illustris
1408 3119 1679 3182 Anglorum
1713 3120 1838 3182 regis
1868 3117 2087 3169 Eduardi
2110 3116 2240 3163 filius..
