2944 3906
724 461 781 500 86
1348 447 1894 495 ABERDONENSIUM

727 607 927 656 varent;
963 600 1250 663 injuriarum
1283 600 1498 646 omnium
1531 598 1818 660 sponderent
1850 594 2212 656 reparationem.
2290 593 2515 650 Thomas,

727 707 775 747 et
797 700 879 762 qui
902 713 1010 746 cum
1033 714 1088 745 eo
1111 698 1394 761 legationem
1418 696 1637 759 agebant,
1659 696 1720 741 ad
1738 694 2021 741 Eduardum
2042 693 2299 748 venientes,
2323 694 2519 740 comiter

732 798 980 858 multaque
1002 796 1305 843 veneratione
1327 799 1441 841 sunt
1461 793 1651 854 recepti.
1698 791 1884 839 Audita
1904 792 2031 854 regis
2053 793 2305 852 postulata,
2328 808 2438 853 quae
2461 794 2521 838 ad

728 896 979 957 utriusque
995 895 1157 956 populi
1172 893 1478 954 tranquillam
1492 906 1657 954 pacem
1670 890 1947 953 felicemque
1959 905 2226 938 successum
2240 893 2520 946 attinebant,

730 994 1034 1040 vehementer
1051 991 1271 1039 omnibus
1290 999 1405 1038 sunt
1421 990 1631 1052 probata.
1683 989 1801 1036 Inde
1818 990 1986 1053 legatis
2004 1005 2063 1037 ex
2080 991 2317 1038 sententia
2332 1006 2523 1051 respon-

729 1105 850 1138 sum.
869 1089 1135 1137 Defunctus
1147 1090 1236 1136 hac
1247 1090 1481 1152 legatione
1491 1088 1705 1136 Thomas
1717 1089 1768 1135 in
1783 1088 1988 1150 patriam
1999 1090 2271 1143 revertitur,
2284 1089 2438 1136 tribus
2453 1104 2524 1135 re-

730 1189 887 1252 gibus,
895 1188 1095 1242 FrancO,
1103 1186 1280 1251 Anglo,
1287 1194 1335 1234 et
1342 1187 1496 1242 Scoto,
1503 1187 1633 1234 haud
1644 1187 1770 1233 idem
1781 1187 2110 1247 undequaque,
2121 1191 2169 1232 et
2180 1200 2524 1247 nonnunquam

731 1288 969 1333 contraria
990 1291 1038 1332 et
1061 1286 1252 1332 inimica
1276 1284 1603 1338 sentientibus,
1637 1298 1790 1337 carus,
1822 1289 1967 1343 atque
1997 1284 2124 1329 inter
2152 1284 2416 1344 praecipuos
2438 1299 2527 1331 nu-

732 1390 941 1431 meratus
959 1383 1249 1429 consiliarios
1266 1395 1279 1436 ;
1304 1382 1432 1441 quod
1449 1380 1695 1427 excellenti
1712 1379 1956 1440 probitati,
1974 1380 2228 1441 exquisitae
2245 1381 2526 1441 prudentiae,

732 1481 1024 1527 admirandae
1048 1479 1233 1534 virtuti,
1251 1479 1467 1525 omnium
1490 1478 1840 1525 existimatione
1859 1483 1961 1524 erat
1984 1477 2305 1546 tribuendum.
2364 1478 2527 1526 Perse-

733 1579 918 1625 veravit
941 1579 1046 1624 viro
1076 1583 1348 1624 constanter
1380 1576 1486 1622 haec
1519 1576 1647 1637 apud
1680 1581 1778 1622 tres
1811 1590 1947 1638 reges
1980 1575 2309 1622 benevolentia
2330 1577 2390 1623 ad
2414 1578 2527 1624 vitae

734 1678 916 1724 exitum
938 1690 1035 1722 non
1052 1676 1154 1722 sine
1176 1675 1316 1721 laude
1332 1681 1382 1721 et
1397 1675 1725 1729 admiratione,
1747 1688 1894 1735 quam
1915 1675 2086 1729 multo,
2103 1689 2191 1735 pro
2213 1689 2377 1721 eorum
2401 1690 2528 1736 pace,

735 1791 822 1836 pro
838 1789 1094 1838 regnonun
1110 1775 1284 1835 quiete,
1299 1774 1476 1820 meruit
1489 1773 1674 1819 sudore.
1711 1771 1839 1819 Nam
1851 1773 1979 1833 quod
1993 1773 2256 1833 periculoso
2268 1772 2391 1820 bello
2403 1774 2528 1820 inter

736 1872 922 1936 Anglos
946 1878 994 1919 et
1011 1872 1236 1926 Francos,
1259 1870 1478 1917 Eduardi
1501 1877 1549 1918 et
1571 1870 1805 1918 Ludovici
1830 1869 2082 1917 Undecimi
2104 1871 2398 1918 memorabili
2421 1887 2529 1918 con·

731 1972 903 2033 ‘gressu
925 1976 1187 2031 mutuaque
1211 1970 1494 2016 allocutione
1522 1970 1651 2030 apud
1674 1968 2074 2032 Pinquigniacum
2105 1970 2158 2016 in
2179 1968 2529 2017 Ambianorum

738 2084 870 2132 agro,
889 2070 991 2115 sine
1009 2069 1203 2115 alterius
1215 2069 1419 2130 Jactura‚
1436 2068 1533 2114 imo
1553 2068 1803 2129 utriusque
1821 2068 2081 2123 commodo,
2097 2068 2205 2115 finis
2218 2068 2365 2115 fuerit
2380 2069 2531 2129 impo-

739 2168 875 2221 situs,
890 2166 1092 2213 Thomae
1106 2181 1281 2228 magna
1295 2181 1354 2212 ex
1368 2172 1503 2226 parte
1517 2165 1611 2212 fuit
1625 2180 1745 2226 opus
1760 2179 1772 2212 :
1795 2167 1924 2228 quod
1937 2167 2063 2213 inter
2069 2166 2301 2214 ,Iacobum
2310 2166 2529 2215 Tertium

740 2272 788 2312 et
805 2265 1087 2311 Eduardum
1110 2270 1183 2311 tot
1204 2279 1354 2311 annos
1378 2264 1533 2311 foedus
1555 2264 1840 2312 inviolatum
1862 2270 1911 2312 et
1932 2279 2028 2325 pax
2044 2264 2183 2312 firma
2203 2268 2528 2326 permanserit,

742 2363 944 2411 Thomae
966 2364 1066 2410 ulla
1086 2364 1189 2410 sine
1211 2363 1534 2410 controversia
1553 2362 1867 2410 tribuebatur.
1912 2362 2154 2410 Reversus
2175 2364 2340 2426 igitur,
2363 2366 2437 2411 uti
2459 2371 2531 2411 est

741 2463 937 2516 dictum,
961 2461 1174 2508 Thomas
1197 2462 1249 2508 in
1273 2460 1495 2515 Scotiam,
1518 2461 1755 2523 legatione
1776 2459 1977 2508 feliciter
1998 2466 2119 2515 acta,
2150 2476 2265 2522 pace
2287 2468 2336 2509 et
2356 2461 2530 2509 foedere

743 2562 869 2607 inter
884 2575 1018 2622 reges
1036 2565 1084 2606 et
1099 2561 1300 2621 populos
1316 2564 1560 2614 renovato,
1581 2559 1667 2619 qui
1689 2564 1737 2605 et
1758 2559 1976 2619 privatus
1999 2564 2047 2605 et
2068 2558 2284 2619 publicus
2302 2559 2529 2606 hactenus

745 2658 849 2704 aliis
866 2658 1065 2712 vixerat,
1084 2672 1269 2718 semper
1285 2658 1452 2712 aliena,
1470 2671 1656 2717 semper
1674 2657 1886 2703 maxima
1900 2656 2128 2711 obiverat,
2139 2657 2244 2719 jam
2261 2657 2352 2704 sibi
2371 2658 2531 2704 vivere

745 2755 944 2815 cupidus
966 2754 1290 2801 Aberdoniam
1312 2754 1552 2801 concessit.
1621 2752 1876 2801 Basilicam
1899 2755 2189 2802 ornamentis
2211 2755 2530 2816 compluribus

746 2853 957 2906 donavit,
971 2853 1116 2899 sacris
1131 2851 1356 2907 vestibuS‚
1372 2852 1547 2913 cappiS,
1561 2852 1746 2907 casulis,
1760 2852 1949 2908 tunicis,
1962 2852 2241 2901 Dalmaticis
2259 2851 2334 2912 (ut
2347 2854 2529 2914 dicunt)

747 2951 892 2998 variis
926 2965 985 2997 ex
1018 2965 1136 2997 auro
1165 2950 1335 3005 textili,
1365 2951 1696 3012 argenteisque
1719 2951 1844 2997 vasis
1871 2951 1934 2998 ad
1960 2965 2101 2999 usum
2122 2951 2175 2998 in
2196 2951 2373 3006 sacris3
2408 2965 2530 3011 prae-

749 3048 940 3107 cipuum
970 3049 1119 3096 altare
1149 3047 1313 3096 tabula
1339 3054 1388 3096 et
1416 3048 1588 3095 statuis
1618 3048 1730 3096 miri
1758 3047 1944 3096 artificii
1970 3047 2195 3096 adhibitis
2217 3048 2279 3095 ad
2300 3048 2527 3104 decorem,
