2944 3906
996 509 1450 554 EPISCOPORUM
1478 511 1655 554 VITAE.
2168 517 2224 556 43

431 656 691 706 Wilhelmo
723 658 937 705 animum
977 658 1039 704 ad
1078 660 1237 720 aliquo
1273 659 1679 720 proficiscendum.
1746 660 1847 706 Nec
1880 662 1964 709 diu
1997 678 2072 709 res
2106 665 2225 710 dila-

430 756 609 803 tionem
631 756 839 817 accepit3
876 756 1050 817 quibus
1082 759 1210 804 enim
1244 759 1305 805 ad
1326 759 1758 821 peregrinationem
1792 759 1933 806 rebus
1968 776 2086 822 opus
2121 770 2222 809 erat

431 854 728 915 comparatiS,
751 855 900 901 animi
925 857 1110 916 plenus,
1133 857 1186 903 in
1209 856 1414 905 Galliam
1437 858 1625 919 trajecit
1646 874 1657 904 ι
1697 857 1991 905 Parisiorum
2027 861 2224 907 celeber-

429 952 608 1000 rimum
624 967 876 1008 musaeum,
894 955 1162 1004 universale
1179 956 1448 1002 studiorum
1471 957 1792 1018 gymnasium,
1809 957 1961 1004 adivit
1980 971 1991 1004 ε
2016 958 2098 1005 ubi
2122 965 2226 1005 tan·

429 1056 530 1097 tam
560 1052 711 1098 literis
742 1053 1039 1115 diligentiam
1069 1054 1318 1114 impendit,
1351 1059 1408 1101 ut
1442 1059 1669 1101 anteactae
1692 1055 1802 1100 vitae
1832 1056 2015 1102 labores
2044 1058 2103 1103 ad
2138 1058 2223 1104 hos

429 1151 623 1196 collatos
647 1151 799 1197 otium
822 1152 1014 1198 diceres.
1063 1151 1157 1199 Die
1188 1157 1273 1199 aut
1296 1158 1506 1200 oratores
1534 1152 1721 1199 audivit
1743 1159 1827 1199 aut
1849 1154 2077 1213 pontificii
2099 1156 2224 1217 juris

430 1249 718 1310 professores
739 1265 751 1298 τ
774 1258 934 1306 noctu,
958 1267 1067 1312 quae
1091 1253 1341 1299 audiverat
1363 1252 1589 1306 interdiu,
1613 1253 1740 1298 solus
1763 1252 1994 1299 recitavit.
2043 1253 2227 1301 Parcis·

430 1351 579 1396 simus
610 1350 780 1405 somni,
809 1351 901 1397 cibi
930 1351 1149 1397 minimi:
1184 1351 1401 1398 laborum
1427 1351 1818 1410 patientissimuS,
1841 1356 1898 1398 ut
1925 1351 2132 1398 interdiu
2164 1368 2225 1399 an

430 1454 576 1495 noctu
597 1449 747 1495 literis
770 1450 879 1509 plus
901 1450 1199 1496 insudaverit
1220 1450 1351 1496 haud
1373 1448 1510 1495 facile
1528 1449 1782 1510 judicares.
1850 1449 2225 1497 Lucubrationes

428 1548 606 1607 itaque,
625 1548 892 1607 prudentia,
910 1554 959 1595 et
976 1549 1195 1602 eruditio,
1212 1548 1264 1593 in
1282 1547 1542 1594 Wilhelmo
1563 1548 1843 1608 conspicatae
1869 1546 2006 1606 (nulli
2029 1550 2224 1596 enimin

429 1645 629 1692 obscuro
667 1659 768 1692 esse
797 1646 1039 1708 poterant)
1064 1645 1356 1693 Parisienses
1379 1651 1568 1692 traxere
1591 1646 1643 1692 in
1666 1647 2041 1693 admirationem.
2112 1648 2224 1695 Non

427 1749 586 1803 potest
619 1745 703 1790 diu
737 1745 892 1791 virtus
927 1745 1118 1807 obtegi:
1152 1745 1288 1791 effert
1318 1746 1427 1805 ipsa
1459 1759 1574 1798 sese,
1610 1750 1657 1791 et
1691 1759 1787 1805 quo
1820 1746 1928 1804 plus
1964 1747 2226 1793 occultatur

428 1844 644 1905 exsurgit
684 1844 928 1890 illustrior.
996 1842 1078 1890 Ad
1113 1843 1342 1904 pontificii
1378 1844 1530 1905 igitur
1559 1843 1686 1906 juris
1721 1842 2008 1904 professores
2049 1847 2225 1892 accitus

427 1941 731 1996 Wilhelmus,
766 1948 874 2003 post
904 1943 1147 1990 laudatam
1177 1944 1228 1989 in
1258 1957 1310 1990 re
1343 1943 1555 1988 literaria
1583 1942 1895 2004 diligentiam,
1928 1944 2223 1999 modestiam,

429 2041 759 2095 eruditionem,
794 2042 1012 2101 primarii
1048 2042 1235 2088 lectoris
1277 2056 1473 2087 munere
1516 2037 1663 2101 (quod
1699 2055 1797 2087 non
1830 2042 1923 2088 nisi
1957 2044 2225 2091 eruditiori-

428 2139 517 2185 bus
540 2139 591 2186 in
614 2145 817 2209 utroque
842 2141 953 2201 jure
977 2140 1175 2187 Parisiis
1201 2141 1390 2187 concedi
1419 2140 1558 2201 solet)
1594 2145 1666 2186 est
1696 2140 1898 2187 donatus
1925 2155 1938 2196 ;
1974 2141 2058 2188 ubi
2091 2142 2224 2188 brevi

428 2243 618 2284 tantum
640 2237 855 2298 profecit,
889 2244 1075 2284 tantam
1105 2239 1250 2285 sacris
1281 2238 1540 2285 canonibus
1570 2239 1847 2285 enarrandis
1878 2240 2097 2287 adhibuit
2119 2242 2225 2289 dili-

426 2337 653 2398 gentiam,
688 2343 743 2383 ut
775 2337 1004 2397 pontificii
1028 2337 1154 2399 juris
1185 2337 1387 2383 studiosi
1408 2337 1461 2383 in
1484 2351 1594 2383 eum
1622 2351 1774 2383 unum
1798 2339 1956 2384 oculos
1984 2345 2224 2386 converte-

426 2441 534 2481 rent
567 2450 745 2489 omnes,
781 2441 916 2483 tanto
950 2436 1153 2490 silentio,
1184 2441 1321 2482 tanta
1354 2435 1625 2482 animorum
1665 2436 1927 2482 attentione
1960 2438 2220 2493 audiretur,

426 2539 482 2579 ut
505 2539 646 2581 antea
667 2535 839 2596 majori
861 2549 1014 2581 nemo.
1084 2534 1178 2581 Sex
1209 2549 1357 2581 annos
1388 2533 1716 2595 frequentibus
1747 2533 2043 2582 auditoribus
2066 2537 2222 2596 ponti-

426 2631 586 2677 ficium
613 2633 696 2693 jus
726 2634 998 2688 enarravit3
1034 2633 1207 2694 quibus
1231 2633 1423 2687 exactis,
1445 2632 1529 2679 ubi
1562 2633 1615 2678 in
1649 2632 1794 2678 sacris
1828 2633 2026 2680 decretis
2061 2635 2222 2681 laurea

426 2729 584 2776 fuerat
606 2730 824 2784 donatus,
844 2729 1093 2778 Aureliam
1115 2747 1166 2778 se
1183 2732 1400 2785 contulit,
1417 2730 1500 2778 ubi
1516 2731 1699 2791 aliquot
1721 2737 1935 2779 moratus
1959 2747 2108 2779 annos
2132 2732 2221 2779 dif-

427 2828 635 2875 ficillima
657 2835 704 2875 et
727 2829 1024 2877 abditissima
1045 2845 1243 2890 quaeque
1270 2831 1431 2891 legum
1462 2844 1560 2876 una
1589 2845 1698 2876 cum
1725 2830 2069 2891 professoribus
2092 2832 2217 2893 juris

427 2927 511 2987 qui
541 2928 654 2976 illuc
684 2933 789 2974 tum
812 2928 1123 2974 eruditissimi
1150 2926 1461 2982 habebantur,
1484 2928 1753 2976 conferebat
1772 2942 1784 2975 ε
1813 2930 1929 2976 adeo
1952 2931 2088 2976 docte
2110 2946 2217 2978 eru-

425 3025 630 3086 diteque,
662 3027 785 3086 aptis
810 3026 982 3081 verbis,
1006 3027 1066 3073 ad
1088 3041 1191 3073 rem
1215 3040 1360 3086 quam
1384 3025 1563 3086 optime
1585 3028 1962 3083 accommodatis,
1986 3029 2220 3076 concioni-

423 3122 513 3170 bus
535 3124 735 3190 publicis
757 3125 1003 3186 proposita
1021 3125 1242 3186 quaedam
1265 3125 1426 3186 legum
1447 3125 1718 3172 doctoribus
1742 3140 1900 3173 coram
1921 3126 2219 3189 frequentius
