2944 3906
728 410 755 448 2
1355 407 1897 452 ABERDONENSIUM

728 561 893 601 tutem.
963 554 1094 608 Inde,
1125 556 1207 601 sed
1236 558 1411 604 multos
1443 565 1552 618 post
1585 573 1749 614 annos,
1779 565 1835 605 ut
1869 557 2201 618 Restennothy
2230 556 2506 615 (munitioni

728 667 899 698 nomen
925 658 997 698 est
1019 653 1133 699 olim
1159 654 1211 700 in
1232 653 1467 718 Angusia,
1490 656 1573 703 ubi
1596 671 1725 704 nunc
1747 658 2083 704 canonicorum
2106 656 2221 703 Divi
2244 655 2509 718 Augustini

728 750 1012 814 coenobium)
1035 766 1131 813 qua
1154 753 1214 799 ad
1237 752 1403 800 Ionam
1428 754 1629 801 difficilis
1652 756 1909 802 admodum
1933 761 2035 802 erat
2057 756 2232 810 aditus,
2255 756 2406 801 nostri
2430 769 2512 800 an-

727 850 857 896 nales
882 850 992 896 inde
1015 852 1219 898 traducti
1250 858 1622 908 reservarentur,
1652 851 1929 900 Alexander
1950 855 2134 915 primus
2157 868 2244 900 rex
2265 854 2429 908 edixit,
2452 868 2511 899 ne

727 948 1017 995 nostratibus
1034 950 1270 1011 majorum
1292 951 1480 1013 egregie
1501 957 1746 1014 gestorum
1769 967 1880 1013 quae
1897 953 2201 999 imitarentur
2217 952 2399 999 deesset
2415 966 2512 997 me-

728 1048 891 1093 moria.
961 1046 1064 1094 Hos
1100 1048 1277 1095 codices
1312 1055 1477 1096 exacta
1509 1050 1626 1096 adeo
1659 1051 1907 1113 diligentia
1939 1056 2219 1115 reservatos,
2253 1051 2370 1097 alios
2398 1065 2514 1111 quo-

729 1160 821 1206 que
848 1159 1026 1200 omnes,
1052 1152 1100 1193 et
1130 1146 1342 1207 publicos
1365 1153 1413 1194 et
1434 1148 1661 1208 privatos,
1685 1149 1884 1196 ubilibet
1906 1164 2050 1210 penes
2072 1155 2259 1196 nostros
2282 1149 2514 1202 inventos,

730 1242 986 1290 Eduardus
1009 1242 1279 1307 Anglorum
1303 1260 1402 1301 rex,
1422 1260 1528 1292 cum
1547 1253 1760 1294 nostram
1782 1248 2025 1310 regionem
2043 1249 2277 1295 discordia
2301 1247 2517 1294 laboran-

730 1348 826 1386 tem
855 1343 1175 1401 popularetur,
1199 1345 1341 1389 simul
1364 1358 1470 1389 cum
1495 1344 1699 1403 praefato
1721 1345 1932 1391 coenobio
1957 1346 2287 1391 concremavit.
2357 1344 2516 1390 Tanta

729 1440 922 1485 libidine
940 1455 1035 1485 non
1051 1441 1189 1485 modo
1207 1446 1383 1486 nostrae
1400 1441 1572 1503 gentis,
1590 1442 1672 1487 sed
1686 1447 1734 1488 et
1747 1442 1849 1504 eJus
1866 1443 2108 1489 memoriae
2121 1442 2333 1488 delendae
2348 1441 2517 1504 flagra-

728 1539 821 1583 bat.
858 1538 966 1591 Qua
985 1539 1113 1584 clade
1131 1538 1239 1584 libri
1263 1539 1436 1599 quibus
1460 1538 1709 1586 Scotorum
1726 1540 2003 1600 pontificum
2021 1556 2095 1587 res
2118 1546 2267 1603 gestae
2290 1542 2519 1587 memoria

729 1636 978 1690 dabantur,
1003 1637 1063 1681 ad
1085 1651 1237 1682 unum
1260 1643 1373 1683 sunt
1396 1637 1651 1698 absumpti.
1709 1638 1849 1698 Unde
1871 1639 2106 1693 effectum,
2130 1646 2185 1686 ut
2209 1641 2360 1686 nostri
2383 1641 2519 1701 regni

730 1735 959 1793 primores
984 1749 1179 1781 suorum
1204 1741 1309 1782 acta
1330 1737 1689 1798 progenitorum
1713 1752 1832 1798 pene
1855 1739 2016 1784 omnia
2037 1739 2289 1800 ignorent3
2314 1738 2518 1798 episcopi

730 1833 813 1891 qui
837 1833 911 1878 sui
934 1832 1065 1879 fuere
1089 1839 1419 1889 antecessores,
1440 1850 1550 1896 quae
1574 1851 1659 1896 per
1676 1851 1754 1882 eos
1779 1836 1896 1882 bene
1913 1843 2062 1899 gesta,
2080 1851 2361 1898 quocunque
2376 1838 2519 1883 etiam

731 1930 903 1984 labore,
925 1937 1101 1990 praeter
1116 1933 1318 1992 paucula
1335 1933 1558 1993 quaedam
1581 1949 1690 1980 cum
1712 1935 1990 1995 pontificum
2013 1935 2301 1989 nominibus,
2326 1950 2520 1998 cognos-

731 2042 833 2089 cere
855 2043 951 2075 non
973 2030 1170 2089 possint.
1223 2030 1471 2078 Scrutatus
1495 2033 1669 2079 etenim
1695 2031 1798 2091 (tuo
1814 2034 1975 2096 jussu)
2001 2035 2301 2081 exactissima
2322 2035 2522 2096 diligen-

733 2128 814 2179 tia,
837 2127 921 2186 qui
943 2126 1307 2176 Aberdonenses
1328 2130 1534 2190 episcopi
1558 2137 1606 2176 et
1636 2133 1798 2192 quales
1829 2131 1977 2186 fuere,
2009 2139 2119 2178 ante
2152 2132 2352 2179 Roberti
2379 2133 2523 2192 primi

735 2226 860 2286 regis
894 2231 1121 2285 tempora,
1145 2227 1229 2271 vix
1254 2227 1509 2287 quicquam
1536 2235 1707 2288 praeter
1740 2230 1936 2276 nomina
1962 2232 2184 2294 comperi.
2251 2228 2435 2277 Verum
2468 2238 2523 2278 ut

735 2325 947 2369 invenire
961 2325 1110 2384 potui,
1125 2324 1176 2370 in
1190 2339 1342 2370 unum
1355 2326 1532 2387 conjeci
1546 2327 1767 2381 codicem,
1785 2334 1841 2374 ut
1853 2329 2135 2390 dignoscant
2148 2330 2360 2390 legentes
2371 2327 2525 2375 Aber-

734 2422 904 2476 doniae,
941 2437 970 2467 a
992 2423 1112 2468 sacri
1135 2422 1201 2468 ibi
1225 2423 1537 2484 magistratus
1565 2425 1882 2480 institutione,
1906 2427 1990 2473 vix
2017 2442 2230 2487 unquam
2261 2428 2524 2474 antistitem

736 2520 940 2566 defuisse
962 2521 1177 2567 doctrina
1199 2527 1343 2582 atque
1367 2523 1547 2569 virtute
1571 2524 1891 2583 spectabilem.
1961 2524 2106 2571 Hunc
2128 2525 2304 2571 librum
2321 2533 2527 2586 quantu-

736 2620 1024 2679 lumcunque
1046 2619 1134 2666 tibi
1158 2620 1313 2666 dicavi
1334 2618 1629 2677 (Reverende
1654 2621 1860 2684 Praesul)
1883 2624 2143 2685 gratiorem
2165 2638 2271 2670 mea
2293 2626 2528 2672 sententia

737 2717 970 2772 futurum,
988 2719 1115 2778 quod
1132 2720 1291 2765 nullus
1309 2719 1398 2765 tibi
1415 2734 1570 2766 sermo
1586 2717 1660 2778 (ut
1676 2735 1870 2781 aequum
1887 2728 1959 2768 est
1981 2723 2186 2784 credere)
2205 2724 2451 2783 quamqui
2468 2724 2526 2768 de

739 2823 932 2862 tuorum
963 2831 1302 2877 praecessorum
1326 2818 1506 2864 virtute
1528 2819 1606 2873 sit,
1631 2820 1864 2880 acceptior
1886 2835 1986 2866 esse
2014 2822 2203 2880 poterit.
2271 2820 2425 2867 Fuere
2452 2822 2526 2867 tui

740 2916 934 2974 inquam
957 2921 1270 2962 antecessores
1296 2913 1370 2974 (ut
1396 2917 1555 2963 videre
1578 2918 1705 2980 licet)
1734 2919 1894 2965 studio
1917 2926 2060 2980 atque
2091 2920 2355 2966 eruditione
2377 2920 2529 2965 omni-

740 3012 827 3058 bus
850 3014 933 3073 qui
956 3029 1142 3061 sacrum
1164 3014 1364 3062 ubilibet
1378 3021 1554 3077 gerunt
1570 3017 1906 3078 magistratum
1928 3018 2161 3064 imitandi.
2214 3014 2396 3078 Accipe
2422 3032 2526 3064 mu-
