2944 3906
720 425 769 464 lo
1332 417 1877 462 ABERDONENSIUM

782 568 1009 616 Extincto
1041 567 1198 623 Petro,
1235 567 1634 615 RICHARDUS
1666 566 1759 613 DE
1796 565 2119 613 POTTOCK
2150 564 2505 612 Aberdonensis

716 674 900 715 creatur
916 668 1136 722 antistes;
1153 666 1342 730 Anglus
1357 673 1511 730 gente.
1535 667 1657 721 Quae
1671 681 1746 713 res
1766 637 1920 712 effecit
1933 671 1990 712 ut
2003 665 2218 712 montani
2232 666 2289 711 de
2305 664 2508 711 Cloueth

716 774 764 814 et
778 766 1034 820 Murthlac,
1051 765 1274 827 pontifici,
1293 766 1440 812 veluti
1449 766 1630 811 homini
1642 765 1907 827 peregrino,
1917 765 2077 810 minus
2096 765 2356 818 audientes,
2368 778 2507 826 agros

719 872 766 912 et
788 866 967 926 praedia
996 866 1146 911 multa
1176 864 1513 918 subtraxerint,
1543 864 1735 910 famulis
1772 864 1876 926 ejus
1901 863 2176 910 verberibus
2208 864 2342 910 caesis
2366 869 2414 909 et
2443 863 2513 924 ig-

721 964 979 1011 nominiose
1006 963 1219 1023 repulsis.
1279 962 1416 1009 Tulit
1439 963 1706 1009 Richardus
1735 977 1863 1025 aegre
1886 963 2237 1017 contmneliam,
2265 967 2509 1009 execratus

722 1062 940 1109 facinoris
964 1068 1176 1108 auctores
1192 1076 1205 1117 3
1231 1062 1616 1122 apposuissetque
1634 1077 1683 1108 se
1701 1077 1786 1108 rex
1803 1062 2014 1108 criminis
2033 1062 2284 1115 vindicem,
2302 1062 2353 1107 ni
2372 1062 2510 1107 citius

723 1162 907 1208 sceleris
937 1161 1197 1207 insimulati
1228 1162 1460 1207 restitutis
1483 1162 1677 1222 praediis
1702 1161 1944 1207 venissent
1965 1160 2307 1215 Aberdoniam,
2340 1161 2401 1206 ad
2432 1175 2515 1205 an-

726 1261 982 1320 tistitisque
1004 1261 1159 1319 pedes,
1187 1260 1289 1321 ejus
1315 1258 1512 1305 arbitrio
1533 1260 1819 1319 supplicium
1841 1259 2034 1312 obituri,
2068 1259 2234 1305 multis
2256 1258 2514 1319 lachrymis

726 1359 969 1418 petiissent
986 1359 1185 1403 veniam.
1222 1357 1445 1402 Mortuus
1469 1362 1541 1402 est
1559 1356 1841 1411 Richardus,
1865 1358 2008 1404 avitis
2027 1358 2163 1403 donis
2184 1355 2514 1403 Aberdonensi

404 1458 529 1505 A.D.
556 1458 695 1509 1267.
730 1456 934 1502 ecclesiae
952 1454 1214 1504 Alexandri
1233 1455 1516 1501 auctoritate
1534 1456 1690 1501 denuo
1712 1455 1961 1510 roboratis,
1978 1455 2280 1516 pontificatus
2299 1457 2374 1502 sui
2393 1471 2519 1502 anno

726 1557 905 1601 decimo
927 1556 1083 1608 tertio,
1106 1553 1295 1614 praefati
1319 1568 1432 1600 vero
1455 1552 1719 1601 Alexandri
1742 1555 1925 1601 decimo
1948 1560 2130 1602 octavo.

808 1755 877 1802 Et
908 1754 1098 1801 HUGO
1129 1753 1221 1800 DE
1256 1754 1601 1800 BENHYEM
1637 1756 1688 1801 in
1722 1755 1825 1818 ejus
1859 1756 2014 1801 locum
2049 1754 2290 1817 suffragiis
2330 1756 2520 1800 canoni-

730 1841 890 1901 corum
915 1854 1151 1900 suffectus.
1220 1853 1269 1899 Is
1292 1854 1416 1899 illico
1439 1860 1630 1914 sumpto
1657 1854 1935 1915 pontificatu
1959 1853 2165 1900 Romam
2197 1854 2405 1909 accessit,
2434 1853 2519 1899 ubi

732 1953 931 1999 Martini
954 1953 1113 2014 quarti
1136 1953 1311 1999 summi
1334 1953 1567 2013 pontificis
1585 1954 1726 2015 jussu
1751 1951 1810 2011 (is
1834 1960 1949 2000 tunc
1972 1953 2106 1999 Petri
2128 1953 2287 1999 sedem
2310 1953 2519 2013 tenebat)

732 2039 975 2112 episcopus
998 2057 1296 2098 consecratur
1316 2065 1327 2098 ε
1362 2052 1472 2097 inde
1495 2052 1578 2098 ubi
1609 2053 1704 2098 illic
1728 2053 1970 2115 religionis
1993 2056 2138 2098 causa
2166 2067 2346 2098 annum
2369 2066 2522 2098 unum

732 2156 943 2197 moratus
982 2150 1162 2205 fuisset,
1202 2151 1253 2196 in
1288 2150 1493 2196 Scotiam
1527 2156 1599 2197 est
1643 2166 1873 2197 reversus.
1943 2150 2217 2198 Dissidebat
2256 2157 2361 2197 tum
2401 2149 2525 2197 forte

732 2250 933 2310 populus
958 2248 1125 2295 Scotus
1156 2263 1263 2294 cum
1296 2250 1449 2295 clero:
1491 2249 1565 2295 his
1599 2265 1896 2296 summorum
1930 2250 2209 2310 pontificum
2243 2250 2524 2302 sanctiones,

733 2347 826 2393 illis
848 2348 984 2409 regni
1018 2347 1396 2401 consuetudines,
1426 2362 1514 2393 sua
1543 2363 1631 2408 pro
1661 2349 1898 2394 sententia
1928 2347 2249 2394 afferentibus·
2320 2347 2524 2393 Causam

736 2445 917 2491 dissidii
933 2444 1095 2491 ferunt
1111 2446 1239 2506 quod
1255 2445 1499 2492 fructuum
1516 2447 1815 2507 quorundam
1833 2447 2053 2500 decimas,
2076 2461 2195 2507 quas
2212 2445 2437 2506 petebant
2455 2460 2528 2491 sa-

738 2543 960 2597 cerdotes,
983 2545 1186 2604 populus
1209 2550 1370 2604 aperte
1400 2546 1580 2591 solvere
1611 2551 1885 2592 recusasset.
1956 2545 2096 2591 Hanc
2118 2546 2250 2592 litem
2273 2545 2526 2591 dirimendi

739 2647 945 2701 potestas
971 2641 1168 2703 Hugoni
1191 2643 1433 2702 permissa.
1502 2642 1669 2689 Perthi
1696 2643 1822 2690 facta
1848 2650 2041 2705 patrum
2069 2645 2290 2691 concione
2318 2645 2526 2691 multum

740 2740 915 2800 diuque
945 2740 1027 2786 ubi
1059 2742 1289 2787 disertum
1322 2741 1493 2796 fuerat,
1529 2757 1640 2804 rege
1677 2749 1920 2803 praesente,
1959 2744 2189 2805 regnique
2227 2742 2528 2803 primatibus,

742 2844 921 2885 veteres
945 2840 1268 2900 episcoporum
1300 2842 1561 2887 sanctiones
1587 2839 1914 2902 (provincialia
1935 2848 2118 2889 statuta
2143 2841 2349 2901 vocant,)
2372 2840 2531 2886 firma-

745 2937 847 2982 vit:
881 2952 1026 2984 novas
1050 2940 1278 2999 quasdam
1301 2940 1362 2985 ad
1386 2939 1673 2987 Christianae
1695 2942 1938 3004 religionis
1967 2942 2110 2988 decus
2141 2946 2188 2987 et
2220 2945 2529 3002 augmentum

749 3035 966 3082 omnibus
989 3037 1297 3096 probantibus
1314 3039 1669 3099 superaddidit:
1692 3040 1975 3087 discordiam
1997 3040 2192 3087 sustulit
2215 3046 2358 3100 atque
2381 3040 2533 3085 extin-
