2944 3906
1044 537 1500 583 EPISCOPORUM
1530 538 1706 582 VITAE.
2218 544 2270 583 81

481 687 808 748 pontificatum
842 688 1012 747 aptior,
1037 694 1122 734 aut
1155 693 1203 734 te
1237 687 1441 750 dignior,
1472 687 1678 733 inveniri
1709 687 1940 747 potuisset
1955 686 1978 732 ἶ)
2014 686 2109 741 Qui
2146 690 2273 734 enim

480 786 583 840 tibi,
606 791 691 832 aut
712 786 895 832 consilii
924 786 1191 840 altitudine,
1222 792 1307 833 aut
1338 799 1528 833 morum
1551 785 1802 848 gravitate,
1837 792 1922 831 aut
1949 786 2154 847 justitia,
2188 794 2272 834 aut

478 885 680 944 denique
702 883 819 931 vitae
842 885 1170 940 sanctimonia,
1195 884 1399 932 conferri
1423 885 1589 945 possit,
1612 884 1855 931 inveniam
1878 885 2130 931 neminem.
2177 885 2274 932 Im-

475 981 698 1028 mortales
740 983 847 1029 ideo
883 983 972 1030 tibi
1011 979 1245 1031 debentur
1277 984 1449 1046 gratiae
1491 981 1687 1043 (optime
1722 982 1872 1044 Deus)
1911 983 1994 1043 qui
2033 990 2271 1043 pastorem

475 1077 808 1127 Aberdonensi
841 1081 977 1143 gregi
1014 1087 1087 1127 tot
1125 1081 1367 1142 tantisque
1407 1080 1669 1126 virtutibus
1714 1088 2038 1127 coruscantem
2084 1083 2271 1137 dedisti,

473 1179 558 1239 qui
580 1193 678 1226 non
700 1181 854 1226 solum
878 1195 938 1226 ex
959 1179 1180 1227 omnibus
1203 1179 1330 1242 eligi,
1364 1184 1412 1226 et
1434 1178 1495 1226 ab
1517 1178 1739 1225 omnibus
1762 1178 1979 1225 debuerit
2001 1181 2269 1240 approbari,

474 1292 642 1324 verum
666 1278 886 1325 omnibus
910 1280 1142 1333 venerari,
1165 1278 1386 1324 omnibus
1410 1278 1635 1338 anteponi
1652 1277 1764 1339 jure
1788 1277 2031 1324 meruerit.
2096 1278 2188 1324 Sed
2211 1293 2270 1324 ne

473 1378 745 1424 assentandi
769 1383 932 1424 notam
946 1378 1261 1431 incurramus,
1284 1392 1313 1422 a
1330 1391 1426 1438 qua
1444 1377 1654 1437 optimus
1678 1376 1880 1436 quisque
1903 1377 2166 1436 plurimum
2189 1378 2270 1424 ab·

472 1476 701 1531 horreret,
733 1483 841 1523 tuas
864 1477 1180 1537 amplissimas
1205 1476 1367 1522 laudes
1391 1475 1666 1528 tacebimus,
1689 1489 1808 1535 quas
1832 1489 2052 1521 enarrare
2075 1477 2269 1536 perinde

473 1581 595 1622 esset
609 1582 752 1636 atque
766 1576 987 1621 immensi
1002 1576 1106 1621 caeli
1121 1575 1333 1636 singulas
1352 1588 1692 1620 connumerare
1710 1574 1882 1620 stellas.
1920 1573 1989 1620 Et
2003 1575 2097 1621 duo
2109 1582 2269 1622 tamen

472 1687 673 1719 munera
694 1687 839 1735 quam
862 1673 1140 1720 brevissime
1162 1672 1293 1719 obire
1316 1672 1607 1719 conabimur.
1664 1671 1723 1718 In
1746 1673 1903 1733 priore
1926 1674 2159 1734 siquidem
2182 1676 2270 1722 tibi

471 1778 649 1832 tuoque
673 1773 900 1818 adventui
917 1771 1281 1834 gratulabimur,
1299 1772 1471 1818 devota
1493 1771 1742 1818 offerentes
1765 1772 2022 1833 obsequia3
2047 1774 2098 1819 in
2121 1775 2270 1821 altero

473 1871 769 1917 exactissime
780 1871 1036 1925 orabimus,
1055 1870 1258 1931 praefato
1267 1870 1478 1932 generali
1488 1871 1697 1933 collegio,
1715 1871 1843 1932 quod
1856 1870 2006 1927 felicis
2023 1874 2266 1920 memoriae

471 1967 759 2015 Wilhelmus
782 1975 895 2015 tuus
918 1975 1184 2016 antecessor
1211 1969 1457 2016 modestiae
1487 1983 1630 2015 causa
1659 1971 1816 2032 regale
1839 1971 1993 2017 voluit
2023 1974 2266 2032 appellari,

470 2068 667 2130 ejusque
690 2069 957 2115 vicinarum
980 2083 1168 2130 quoque
1192 2067 1366 2115 aedium
1391 2069 1452 2115 ad
1475 2068 1863 2137 scholasticorum
1885 2084 2026 2115 usum
2050 2084 2267 2117 consum-

471 2167 685 2222 mationi,
708 2171 794 2214 tua
824 2182 911 2227 pro
934 2167 1168 2229 dignitate
1196 2168 1428 2214 consulas.
1497 2167 1745 2221 Quantum
1768 2167 1904 2214 nobis
1927 2183 2090 2215 omnes
2112 2171 2267 2231 gavisi

468 2281 649 2320 sumus,
672 2272 876 2327 quantas
900 2266 1002 2312 Deo
1025 2266 1207 2327 optimo
1223 2266 1403 2329 gratias
1426 2265 1695 2321 habuimus,
1719 2267 1897 2327 praesul
1920 2280 2106 2328 semper
2129 2282 2267 2315 vene-

466 2364 629 2418 rande,
646 2379 796 2425 quum
814 2365 1117 2411 laetissimum
1135 2364 1360 2412 nuntium
1377 2365 1657 2426 accepimus,
1680 2370 1727 2411 te
1745 2379 1892 2412 sacrae
1912 2364 2264 2413 Aberdonensis

467 2463 590 2508 sedis
631 2463 903 2523 episcopum
942 2464 1259 2525 designatum,
1294 2463 1452 2510 verbis
1498 2464 1732 2525 explicare
1768 2465 2054 2525 nequimus;
2090 2466 2266 2526 quippe

465 2567 569 2606 tum
604 2563 826 2608 novimus
860 2563 1097 2624 insignem
1137 2562 1274 2609 nobis
1304 2563 1649 2610 moderatorem
1680 2564 1928 2618 delectum,
1965 2565 2049 2625 qui
2078 2565 2119 2611 si
2151 2566 2267 2625 quid

465 2660 750 2706 incommodi
773 2660 1048 2707 turbulento
1080 2661 1170 2708 hoc
1202 2667 1414 2722 tempore
1454 2663 1650 2725 indigne
1688 2663 1816 2723 passi
1849 2662 2044 2717 fuimus,
2081 2664 2129 2709 id
2168 2678 2266 2709 om-

467 2772 527 2803 ne
557 2758 672 2803 scite
701 2763 843 2818 atque
879 2760 1138 2819 prudenter
1174 2761 1412 2820 rependet,
1455 2761 1669 2808 literatos
1707 2761 1934 2815 tuebitur,
1963 2761 2156 2815 fovebit,
2186 2777 2266 2808 ex-

465 2857 598 2902 colet.
670 2855 928 2917 Extemplo
959 2857 1020 2903 ob
1054 2857 1183 2903 hunc
1205 2859 1445 2912 nuntium,
1476 2859 1654 2905 indicto
1679 2866 1915 2906 conventu
1938 2858 2139 2920 publico,
2163 2851 2267 2906 Deo>

467 2945 629 3001 laudes
657 2956 983 3011 reddidimus;
1018 2955 1101 3003 ubi
1136 2970 1233 3002 uno
1267 2956 1481 3003 omnium
1515 2955 1747 3004 consensu
1777 2958 2031 3012 decretum,
2066 2965 2121 3006 ut
2155 2974 2263 3006 cum

467 3053 675 3113 primum
706 3055 966 3101 reverenda
999 3060 1084 3101 tua
1107 3055 1368 3115 paternitas
1398 3055 1494 3102 huc
1522 3056 1814 3111 adventaret,
1845 3056 1933 3103 tibi
1964 3059 2263 3120 congratula-

468 3165 660 3198 remur:
693 3153 865 3213 quibus
893 3160 940 3201 te
968 3167 1094 3201 nunc
1123 3159 1406 3215 praesentem
1436 3154 1751 3215 *intuentibus
1787 3155 1931 3203 verba
1953 3156 2126 3217 quibus
2161 3158 2262 3203 ani-

1345 3254 1379 3288 1,
