2944 3906
703 526 759 564 80
1329 519 1873 565 ABERDONENSIUM

702 672 778 716 sit.
849 669 1072 716 Prodiere
1101 670 1379 717 adventanti
1403 670 1593 716 obviam
1616 668 1978 716 Aberdonenses
2002 670 2141 722 cives,
2177 669 2356 716 nobiles
2379 684 2495 730 quo-

702 783 794 828 que
817 768 901 829 qui
925 768 975 814 in
1001 768 1174 814 vicinia
1196 767 1491 821 habitabant,
1515 766 1840 813 honorationis
1865 781 2019 813 causa.
2079 765 2403 814 Aberdoniam
2426 770 2497 815 in-

701 868 936 929 gredienti
959 867 1119 914 omnia
1143 863 1210 924 (et
1232 866 1421 926 merito)
1448 865 1643 912 honoris
1666 879 1841 927 genera
1863 870 1977 911 sunt
1999 864 2224 912 adhibita.
2295 866 2497 913 Fiebant

702 967 918 1028 ingentes
953 979 1291 1025 campanarum
1327 963 1547 1018 tinnituS,
1576 944 1849 1017 tibiarum,
1868 962 2187 1025 tubarumque
2220 965 2495 1028 clangores;

703 1078 967 1123 processere
989 1063 1180 1110 obviam
1203 1063 1411 1125 religiosi
1436 1062 1543 1116 viri,
1578 1063 1687 1108 inde
1719 1062 1931 1108 canonici
1954 1068 2003 1109 et
2025 1063 2302 1117 sacerdotes,
2334 1079 2497 1110 omnes

703 1176 858 1208 sacras
908 1167 1061 1208 vestes
1106 1162 1363 1208 admodum
1409 1162 1639 1222 pretiosas
1684 1161 1841 1207 induti
1867 1174 1881 1215 ;
1935 1161 2213 1207 subsecutus
2258 1165 2497 1223 gymnasii

705 1258 1057 1307 Aberdonensis
1075 1267 1242 1314 rector,
1261 1275 1370 1306 cum
1390 1260 1506 1306 viris
1524 1259 1814 1306 scholasticis
1832 1257 2003 1333 celebri
2019 1259 2275 1304 admodum
2294 1273 2498 1319 pompa:

707 1359 970 1405 incredibili
994 1359 1178 1412 laetitia,
1209 1359 1440 1403 immenso
1462 1371 1570 1402 cum
1593 1356 1792 1418 gaudio,
1817 1362 2116 1417 expectatum
2139 1362 2378 1417 pastorem
2401 1372 2503 1405 sus-

706 1471 867 1516 cepere
895 1471 1071 1502 omnes.
1141 1456 1467 1516 Quodcunque
1499 1456 1730 1515 templum
1761 1455 2131 1517 ingrediebatur,
2158 1455 2302 1503 fiebat
2324 1464 2372 1504 et
2395 1473 2503 1504 can-

705 1556 911 1601 tantium
936 1561 983 1601 et
1006 1570 1294 1617 organorum
1318 1555 1468 1600 dulcis
1491 1554 1771 1608 harmonia3
1804 1553 2053 1616 fulgebant
2075 1555 2279 1615 parietes
2302 1557 2467 1603 aulaeis
2487 1570 2500 1610 ;

707 1653 946 1713 tapetibus
971 1653 1304 1700 sternebantur
1327 1652 1616 1713 pavimenta,
1639 1652 1798 1699 odorae
1822 1667 1882 1698 ex
1905 1652 2163 1700 thuribulis
2180 1653 2503 1701 fundebantur

709 1751 890 1805 nubes3
933 1758 995 1805 et,
1030 1758 1085 1798 ut
1119 1751 1341 1798 brevibus
1378 1765 1452 1796 res
1484 1750 1758 1810 explicetur,
1793 1750 1915 1796 nihil
1945 1749 2235 1797 Aberdoniae
2270 1759 2374 1798 tum
2408 1753 2501 1800 fuit

710 1850 838 1910 quod
869 1865 965 1896 non
997 1865 1083 1896 suo
1114 1864 1244 1895 more
1273 1849 1466 1910 aliquod
1488 1848 1671 1895 laetitiae
1695 1848 1886 1910 signum
1909 1862 2006 1908 prae
2029 1863 2079 1894 se
2101 1848 2225 1895 ferre
2247 1850 2501 1912 videretur.

713 1948 845 2002 Mox,
879 1954 936 1995 ut
970 1963 1102 1994 saera
1138 1953 1342 2008 peracta,
1377 1962 1486 2008 quae
1526 1953 1631 1993 tum
1666 1945 1858 1993 fuerant
1897 1948 2180 2010 peragenda,
2215 1949 2412 2009 quidam
2445 1965 2504 1996 ex

712 2022 1002 2094 scholasticis
1024 2047 1264 2109 gymnasii
1288 2047 1420 2100 viris,
1444 2047 1639 2093 rectoris
1656 2046 1812 2108 jussu,
1828 2046 2018 2092 nomine
2040 2043 2273 2108 generalis
2291 2046 2506 2095 Aberdo-

713 2146 872 2192 nensis
897 2146 1069 2192 scholae
1092 2145 1302 2206 pontifici
1321 2146 1665 2207 gratulaturus,
1687 2144 1810 2190 hanc
1828 2151 1912 2192 aut
1929 2160 2026 2191 non
2044 2145 2320 2193 dissimilem
2338 2146 2506 2195 habuit

714 2245 975 2290 orationem
998 2257 1008 2289 :
1055 2243 1106 2290 Si
1140 2258 1351 2304 unquam
1388 2244 1671 2290 immortalis
1711 2242 1843 2290 Deus
1878 2259 2017 2305 opem
2053 2221 2333 2292 mortalibus
2374 2248 2508 2293 auxi-

714 2343 892 2388 liumve
925 2343 1104 2396 tulerit,
1139 2343 1395 2388 reverende
1426 2342 1639 2397 antistes,
1669 2342 1759 2389 hoc
1790 2341 2094 2403 potissimum
2128 2349 2339 2404 tempore
2371 2344 2507 2391 nobis

715 2439 1133 2487 Aberdonensibus
1153 2441 1317 2487 tulisse
1333 2440 1682 2501 comprobatur,
1705 2442 1821 2487 dum
1844 2447 1906 2496 te,
1924 2447 1973 2487 et
1995 2441 2097 2487 vita
2112 2456 2309 2504 gravem
2332 2449 2380 2488 et
2402 2444 2509 2489 doc-

715 2539 843 2585 trina
866 2540 981 2586 adeo
1004 2540 1255 2602 insignem,
1278 2539 1413 2586 nobis
1437 2540 1567 2587 dedit
1584 2545 1836 2600 pastorem.
1896 2539 2078 2586 Divina
2093 2555 2235 2600 opera
2251 2541 2387 2602 justa
2409 2556 2508 2588 esse

717 2642 860 2697 atque
883 2643 1046 2683 sancta
1075 2639 1389 2699 undequaque
1420 2653 1606 2684 necesse
1629 2644 1731 2684 est:
1767 2643 1817 2683 at
1840 2637 1961 2684 nihil
1988 2630 2178 2693 rectius,
2209 2645 2373 2685 nostra
2406 2654 2510 2687 sen-

718 2736 882 2790 tentia,
899 2736 1002 2798 jam
1015 2737 1190 2782 multos
1205 2751 1354 2783 annos
1373 2737 1524 2798 egisse
1543 2737 1747 2790 videtur,
1760 2751 1904 2797 quam
1922 2737 2049 2797 quod
2065 2743 2125 2791 te,
2141 2743 2358 2798 optatum
2366 2739 2511 2800 Juxta

719 2840 862 2894 atque
884 2835 1199 2880 necessarium
1225 2833 1556 2881 Aberdonensi
1579 2835 1693 2889 sedi,
1717 2835 1932 2895 procellis
1958 2835 2031 2893 (ut
2054 2835 2123 2882 ita
2145 2814 2318 2898 dicam)
2343 2835 2511 2883 fluctu-

721 2933 835 2986 anti,
870 2933 967 2979 imo
1001 2939 1129 2993 pene
1154 2933 1492 2995 submergenti,
1516 2939 1745 2979 rectorem
1768 2934 1961 2988 creavit,
1985 2934 2070 2995 qui
2103 2933 2226 2980 hanc
2259 2935 2510 2989 dioecesim,

720 3031 978 3077 rectissime
1000 3031 1326 3093 gubernando,
1345 3032 1395 3078 in
1413 3037 1630 3078 sanctum
1648 3047 1758 3078 eum
1781 3038 1961 3094 statum
1983 3048 2013 3079 a
2035 3047 2131 3094 quo
2152 3046 2271 3093 pene
2298 3031 2511 3088 defluxit,

725 3129 973 3190 redigeres.
1043 3129 1163 3184 Quis
1195 3131 1385 3185 etenim,
1413 3145 1592 3191 quaeso,
1615 3145 1640 3176 e
1663 3131 1844 3177 cunctis
1872 3131 2047 3178 nostris
2071 3130 2428 3187 contribulibus,
2452 3133 2513 3179 ad
