2944 3906
935 393 1390 437 EPISCOPORUM
1419 392 1595 435 VITAE.
2136 388 2161 426 5

370 548 488 593 duos
509 560 657 592 annos
675 545 775 607 egit
790 542 1132 604 pontificatum.
1169 538 1270 585 Nec
1286 540 1387 585 sine
1410 539 1675 584 sanctitatis
1692 539 1912 598 opinione
1931 539 2165 589 mortuus,

370 661 438 699 ea,
476 659 585 705 quae
613 644 884 703 episcopum
919 639 1065 693 decet,
1099 652 1276 698 pompa
1306 637 1469 683 eodem
1500 651 1609 682 cum
1632 635 1796 682 Beano
1829 637 1931 682 loco
1964 635 2173 682 traditur

373 732 646 804 sepulturae,
669 739 854 800 Edgari
876 738 1002 799 regis
1026 751 1152 783 anno
1175 736 1344 797 primo.

435 938 511 984 Eo
546 943 759 997 tempore
791 934 1214 983 CORMACHUS
1237 933 1569 994 pontificatum
1604 932 1714 978 iniit
1748 931 2173 985 Murthlacensem‚

368 1038 443 1083 vir
466 1041 615 1083 tantae
637 1036 907 1096 prudentiae
932 1040 980 1080 et
1003 1033 1213 1087 virtutis,
1237 1038 1293 1078 ut
1316 1031 1614 1078 doctissimos
1642 1031 1787 1077 simul
1809 1036 1953 1092 atque
1976 1031 2175 1077 sanctis-

366 1137 510 1183 simos
534 1136 762 1195 praesules
785 1133 962 1180 referre
985 1134 1233 1179 diceretur.
1301 1130 1572 1177 Trecesimo
1595 1135 1722 1176 nono
1745 1131 1938 1176 tandem
1961 1131 2036 1176 sui
2058 1144 2175 1191 pon-

367 1234 573 1282 tificatus
609 1249 734 1280 anno
768 1233 880 1280 fatis
917 1232 1069 1279 cessit.
1141 1230 1425 1285 Pontificali,
1451 1230 1580 1290 quod
1616 1230 1841 1284 diximus,
1865 1235 2175 1276 monumento

369 1335 601 1394 sepultus.

437 1529 566 1575 Huic
579 1530 630 1575 in
645 1528 887 1589 pontificio
901 1541 1098 1572 munere
1114 1524 1483 1571 NECTANUS
1499 1525 1735 1578 successit,
1752 1524 2016 1570 Alexandri
2030 1526 2174 1585 primi

368 1629 494 1690 regis
528 1641 654 1673 anno
683 1628 865 1673 decimo
902 1631 1050 1680 sexto,
1084 1624 1268 1671 Christi
1303 1639 1415 1670 vero
1447 1623 1656 1670 secundo
1688 1638 1834 1684 supra
1865 1624 2169 1670 millesimum

367 1726 678 1773 centesimum
702 1730 751 1771 et
773 1724 1066 1771 vicesimum.
1131 1722 1276 1769 Hunc
1299 1722 1504 1768 eruditio
1527 1728 1574 1768 et
1597 1737 1785 1768 morum
1807 1723 2020 1784 gravitas
2043 1723 2172 1783 apud
2196 1722 2319 1769 A.D.
2348 1725 2490 1770 1122.

369 1840 528 1887 regem
563 1824 723 1870 David
746 1823 961 1870 fecerunt
994 1823 1133 1877 tanti,
1166 1828 1222 1869 ut
1244 1822 1376 1883 regia
1402 1821 1596 1883 negotia
1621 1821 1810 1881 publica
1832 1826 1880 1868 et
1907 1822 2097 1882 privata
2119 1836 2178 1868 ex

368 1924 471 1986 ejus
490 1923 727 1971 sententia
745 1929 793 1969 et
815 1923 963 1968 ductu
977 1927 1246 1983 agerentur.
1282 1919 1351 1967 Et
1369 1925 1425 1966 ut
1443 1920 1696 1980 episcopali
1718 1921 1939 1982 gerendae
1953 1921 2178 1983 dignitati

369 2022 618 2069 facultates
642 2026 950 2082 suppeterent
975 2017 1097 2078 (erat
1129 2020 1257 2065 enim
1281 2018 1660 2065 Murthlacenses
1688 2019 1875 2080 exiguae
1903 2019 2178 2080 admodum)

372 2126 608 2168 mutatam
631 2122 791 2167 sedem
816 2120 1036 2174 antistiti,
1060 2119 1168 2180 pius
1191 2133 1277 2165 rex
1299 2118 1510 2178 primum
1524 2116 1636 2163 fecit
1653 2115 2055 2172 Aberdonensem‚
2069 2119 2179 2165 inde

371 2221 536 2267 multis
559 2220 758 2266 donavit
781 2218 1108 2279 proventibus,
1139 2218 1267 2279 agris
1292 2223 1434 2276 atque
1461 2217 1656 2276 praediis
1679 2217 1852 2263 veteris
1876 2216 2179 2271 Aberdoniae,

370 2321 428 2365 de
460 2319 635 2379 Sclaty,
664 2317 835 2372 Gowll,
869 2316 1121 2371 Murcrost,
1151 2315 1464 2376 Kynmundy‚
1494 2314 1857 2370 Mawmeulach,
1882 2315 2004 2371 Clat,
2030 2316 2181 2378 Tuly-

328 2413 331 2415 ⁴
372 2423 560 2479 nestyn,
585 2417 743 2477 Rayn,
762 2416 972 2477 Davyot,
997 2430 1106 2462 cum
1124 2430 1289 2461 eorum
1312 2415 1517 2474 templis,
1533 2414 1659 2460 villis
1678 2415 2059 2475 templorumque
2075 2416 2180 2461 red-

373 2516 567 2570 ditibus,
586 2516 768 2561 decima
790 2516 938 2578 regiae
962 2528 1165 2560 annonae
1187 2519 1323 2575 parte
1342 2518 1663 2574 proventuum
1686 2519 1733 2560 et
1761 2514 2066 2576 vectigalium
2094 2529 2177 2560 seu

374 2617 697 2675 portoriorum
710 2613 1066 2661 Aberdonensis
1091 2614 1268 2674 oppidi,
1293 2614 1534 2673 variisque
1551 2613 1671 2667 aliis,
1694 2618 1752 2658 ut
1774 2613 1919 2674 regiis
1943 2625 2002 2658 ex
2028 2614 2178 2673 diplo-

376 2713 584 2760 matibus
598 2713 735 2760 facile
758 2714 972 2775 dignosci
991 2718 1162 2773 potest.
1221 2712 1362 2758 Diem
1380 2711 1550 2758 clausit
1573 2712 1650 2758 hic
1664 2711 1879 2771 pontifex
1894 2711 2180 2758 Christianae

377 2813 544 2858 salutis
569 2827 694 2857 anno
717 2812 969 2857 millesimo
992 2812 1247 2858 centesimo
1274 2811 1669 2872 quinquagesimo
1692 2811 1911 2864 secundo,
1937 2810 2181 2856 Malcolm1
2204 2808 2330 2856 A.D.
2359 2810 2499 2853 1152.

379 2911 540 2971 quarti
554 2911 680 2972 regis
695 2910 852 2970 primo
868 2923 881 2965 ς
898 2915 1154 2971 postquam
1170 2910 1432 2956 Murthlaci
1447 2910 1631 2956 sederat
1648 2924 1796 2956 annos
1811 2910 2180 2971 quatuordecim,

379 3015 428 3056 et
452 3006 744 3056 Aberdoniae
768 3007 933 3055 XVII.
