2944 3906
732 476 791 516 322·
1358 470 1904 516 ABERDONENSIUM

729 634 884 667 meam
906 619 1092 681 meique
1116 620 1250 682 regni
1273 621 1475 667 salutem
1498 621 1689 675 credidi,
1711 620 1955 681 periissem
1978 619 2176 665 insidiis
2235 617 2311 666 Ne
2332 620 2518 668 mireris

728 718 901 765 idcirco
918 719 959 765 si
978 718 1107 766 hunc
1125 716 1287 780 (quem
1304 718 1542 765 hostiliter
1558 718 1812 779 aliquando
1834 723 2109 779 persecutus
2131 718 2258 779 sum)
2282 732 2410 765 nunc
2432 719 2522 765 cle-

727 816 1148 872 mentiahortante,
1157 817 1284 877 quod
1291 830 1459 878 regum
1467 830 1597 862 more
1616 816 2024 878 adignoscendum
2037 830 2183 877 quam
2199 816 2520 863 ulciscendum

726 916 1002 976 propensior
1034 929 1133 961 esse
1166 914 1326 969 debe0,
1359 914 1613 977 benignius
1646 915 1917 975 amplector.
1985 912 2248 961 Enimvero
2277 914 2389 961 huic
2412 916 2516 961 viro

726 1028 824 1060 non
847 1014 987 1060 modo
1004 1028 1133 1060 meas
1152 1013 1369 1060 fortunas
1393 1014 1474 1060 sed
1498 1019 1546 1060 et
1568 1013 1778 1060 animam
1800 1012 1960 1060 debeo.
2011 1012 2154 1067 Quod
2174 1014 2236 1060 ad
2258 1019 2306 1060 te
2329 1015 2515 1067 attinet,

729 1111 864 1171 paria
886 1112 982 1159 tuis
1004 1112 1187 1158 meritis
1210 1126 1316 1158 mea
1337 1126 1425 1172 pro
1448 1112 1681 1174 dignitate
1702 1111 1911 1172 recipies.
1968 1110 2038 1158 Et
2060 1111 2219 1158 virum
2241 1112 2517 1158 muneribus

724 1210 952 1257 donatum
983 1210 1231 1273 magnifice
1258 1210 1452 1257 dimisit.
1486 1208 1817 1257 Alexandrum
1839 1211 2006 1257 ducem
2029 1217 2078 1257 et
2101 1209 2339 1257 Thomam
2362 1211 2514 1257 voluit

725 1308 858 1371 regio
880 1314 1036 1355 essent
1057 1308 1279 1368 hospitio,
1302 1308 1525 1368 omnique
1547 1308 1861 1354 humanitatis
1883 1306 1932 1354 et
1953 1307 2147 1353 honoris
2170 1322 2342 1369 genere
2364 1323 2394 1354 a
2416 1310 2514 1354 suis

722 1406 1047 1453 afficerentur:
1084 1406 1209 1452 facto
1239 1406 1350 1451 inde
1383 1405 1565 1466 aliquot
1598 1410 1707 1465 post
1740 1419 1925 1452 menses
1959 1409 2129 1451 senatu
2162 1401 2310 1465 (quod
2343 1406 2515 1465 parlia-

721 1510 935 1550 mentum
961 1504 1152 1565 vocant)
1177 1503 1400 1558 Londini,
1422 1501 1694 1565 Anglorum
1717 1503 1978 1565 maj0ribus
2006 1503 2298 1557 coeuntibus,
2329 1510 2513 1564 postea-

722 1612 868 1663 quam¹
890 1604 949 1649 de
980 1603 1142 1650 arduis
1176 1601 1448 1662 reipublicae
1472 1602 1675 1664 negotiis
1698 1607 1801 1648 erat
1822 1602 2157 1655 consultatum,
2180 1602 2436 1648 deductum
2459 1603 2510 1648 in

721 1702 1117 1749 consultationem
1139 1699 1422 1747 Albaniaene
1445 1700 1554 1746 duci
1576 1700 1628 1746 in
1651 1699 1859 1746 Scotiam
1880 1700 2108 1746 redeundi
2130 1699 2275 1746 libere
2297 1699 2511 1747 facienda

721 1806 944 1859 potestas,
967 1815 1028 1846 an
1051 1814 1195 1860 penes
1219 1797 1420 1861 Anglos,
1443 1797 1669 1845 adhibitis
1693 1798 1981 1852 custodibus,
2004 1798 2330 1845 continendus.
2389 1798 2509 1844 Cen-

722 1913 858 1974 suere
888 1898 1105 1944 nonnulli
1128 1897 1371 1958 captivum
1406 1897 1747 1943 adolescentem
1769 1896 1822 1943 in
1843 1894 2026 1959 Anglia
2051 1897 2404 1951 continendum,
2426 1898 2509 1943 do-

722 2010 808 2042 nec
842 1996 1034 2058 injuriae
1068 2009 1246 2050 omnes,
1281 1994 1642 2041 Northumbriis
1675 1993 1926 2041 Scotorum
1956 1994 2131 2041 crebris
2161 1995 2509 2042 incursionibus

722 2094 883 2149 illatae,
917 2100 1269 2154 repararentur,
1304 2093 1546 2139 obsidibus
1579 2093 1703 2139 datis
1737 2093 1796 2139 de
1829 2093 1967 2140 novis
1998 2094 2216 2153 deinceps
2254 2107 2353 2139 non
2390 2093 2509 2139 infe-

722 2192 903 2248 rendis3
924 2193 1191 2252 praesertim
1205 2192 1333 2252 quod
1350 2190 1710 2238 Northumbriis
1727 2206 1881 2252 nuper
1897 2191 2139 2253 ingentem
2157 2191 2385 2252 praedam,
2402 2198 2504 2238 tum

718 2291 982 2344 hominum,
1017 2296 1121 2336 tum
1151 2290 1347 2351 pecoris,
1381 2290 1510 2351 agris
1543 2289 1773 2344 abactam,
1807 2289 1948 2336 Scoto
1980 2290 2245 2351 guardiano
2280 2287 2367 2347 (sic
2396 2305 2506 2337 eum

718 2394 889 2435 vocant
910 2389 1266 2451 magistratum)
1301 2388 1490 2449 quaesti,
1518 2389 1588 2434 nil
1618 2388 1748 2435 aliud
1769 2402 1916 2448 quam
1945 2401 2226 2448 responsum
2254 2388 2380 2434 risus
2410 2388 2508 2448 ple-

716 2501 834 2534 num
867 2502 1096 2548 recepere,
1132 2488 1259 2548 ipsos
1297 2488 1350 2533 in
1381 2486 1643 2548 pecoribus,
1678 2501 1784 2547 quae
1821 2485 1959 2532 facile
1994 2485 2111 2531 adeo
2147 2485 2365 2532 aberrare
2398 2500 2505 2545 pos-

716 2590 836 2640 sent,
859 2600 993 2646 spem
1014 2586 1214 2632 nimiam
1238 2586 1518 2640 collocasse3
1554 2585 1806 2632 astutiores
1827 2583 1944 2639 fore,
1967 2585 2008 2630 si
2039 2584 2245 2631 colendis
2273 2585 2417 2646 agriS,
2445 2583 2505 2630 ob

714 2684 929 2730 nimiam-
945 2683 1097 2731 Scotis
1131 2684 1426 2731 vicinitatem
1461 2684 1669 2738 incultis,
1707 2684 1792 2744 qui
1830 2682 1966 2730 facile
2000 2683 2129 2745 abigi
2164 2698 2262 2729 non
2295 2689 2502 2743 possent,

713 2797 904 2842 operam
940 2783 1279 2843 impenderent.
1332 2780 1588 2837 Addidere,
1622 2781 1800 2836 Scotos,
1833 2782 1950 2828 dum
1971 2781 2194 2829 Albaniae
2226 2782 2327 2828 dux
2357 2795 2499 2841 penes

711 2879 896 2942 Anglos
927 2887 1063 2935 esset,
1095 2881 1365 2940 eruptiones
1387 2879 1540 2926 facere
1570 2881 1622 2926 in
1646 2879 2034 2935 Northumbrios,
2059 2879 2384 2933 Cumbriosve,
2414 2885 2499 2925 aut

710 2979 976 3035 pecuariam
1004 2979 1113 3025 inde
1144 2993 1244 3025 rem
1267 2978 1456 3041 abigere
1486 2994 1584 3025 non
1613 2993 1843 3025 ausuros:
1879 2993 1935 3026 eo
1967 2992 2081 3025 vero
2110 2979 2187 3024 vel
2212 2977 2397 3039 ingenti
2420 2992 2499 3036 pe-

709 3075 849 3120 cunia
869 3076 1113 3137 redempto
1135 3083 1183 3124 et
1205 3077 1256 3123 in
1278 3076 1484 3137 patriam
1500 3077 1709 3131 reducto,
1732 3077 1879 3123 donec
1901 3076 2078 3123 abactis
2100 3090 2160 3122 ex
2176 3074 2356 3137 Anglia
2377 3090 2499 3135 prae-
