2944 3906
758 541 814 579 ‘12
1381 535 1926 580 ABERDONENSIUM

756 685 915 745 quiete
937 689 1084 730 auctae
1107 689 1264 730 essent
1286 683 1505 731 florentes
1528 699 1654 746 opes,
1689 686 1837 731 animi
1867 684 2060 737 feroces,
2083 695 2310 741 novaeque
2331 680 2540 727 fortunae

755 797 1015 845 permagna
1030 782 1278 843 cupiditas,
1292 788 1565 843 conceptam
1577 783 1866 844 jampridem
1882 783 2020 835 iram,
2038 794 2319 840 omnemque
2332 779 2443 826 belli
2458 794 2540 840 ap·

755 887 974 942 paratum
999 895 1140 941 quem
1158 881 1209 926 in
1233 879 1442 927 Francos
1465 887 1731 941 paraverat,
1755 885 2001 927 convertat
2022 880 2075 925 in
2090 877 2252 926 Scotos
2272 892 2286 934 ;
2311 879 2411 924 vim
2428 878 2539 924 belli

756 995 782 1026 e
800 979 970 1034 Gallia,
994 978 1145 1025 Scotis
1165 978 1454 1033 auctoribus,
1479 980 1530 1026 in
1553 994 1653 1026 sese
1671 979 1868 1025 minime
1885 976 2276 1031 transferendam,
2293 976 2541 1023 Scotorum

754 1093 894 1142 agros
924 1078 1234 1139 populandos,
1256 1093 1454 1139 corpora
1475 1078 1762 1125 conficienda
1784 1076 2075 1131 vulneribus,
2105 1091 2192 1137 pro
2223 1076 2403 1130 alienis,
2434 1076 2542 1121 licet

751 1178 914 1224 amicis
938 1182 986 1223 et
1009 1175 1352 1231 oonfoederatiS,
1372 1177 1568 1223 minime
1585 1176 1879 1239 objicienda3
1915 1190 2067 1236 neque
2085 1174 2331 1221 Gallorum
2354 1181 2541 1220 tantum

753 1276 804 1321 in
839 1274 1002 1322 Scotos
1037 1275 1261 1320 meritum
1297 1289 1411 1328 esse,
1451 1289 1603 1334 neque
1642 1289 1747 1320 eam
1780 1273 2054 1336 Anglorum
2087 1271 2330 1333 injuriam,
2365 1278 2422 1317 ut
2454 1287 2543 1332 pro

752 1372 901 1419 Gallis
925 1387 1033 1419 cum
1055 1372 1245 1433 Anglis,
1267 1377 1409 1432 gente
1432 1371 1601 1431 opibus
1625 1378 1673 1417 et
1696 1371 1876 1417 virtute
1898 1370 2065 1416 bellica
2086 1368 2298 1423 florente,
2321 1370 2372 1415 in
2395 1370 2544 1415 aciem

748 1472 1117 1524 ‘descenderent3
1152 1470 1438 1531 legationem
1469 1470 1628 1530 potius
1659 1470 1957 1524 mittendam,
1990 1484 2096 1530 quae
2118 1468 2294 1515 bellum
2317 1469 2542 1516 adversus

749 1568 910 1615 Gallos
933 1569 1137 1614 amicum
1164 1568 1410 1628 populum,
1433 1574 1668 1628 quantum
1690 1567 1792 1614 fieri
1820 1568 1985 1628 possit,
2008 1568 2308 1619 dissuadeat;
2346 1567 2543 1614 Henrici

694 1656 699 1660 ’
750 1681 1028 1727 responsum
1062 1667 1420 1727 expectandum.
1488 1665 1570 1712 Ad
1592 1666 1716 1712 hanc
1738 1680 1902 1712 vocem
1929 1672 2094 1713 tantus
2127 1667 2361 1713 tumultus
2383 1666 2544 1713 fremi-

749 1775 920 1828 tusque
954 1766 1148 1813 obortus
1179 1766 1305 1811 inter
1326 1780 1421 1819 eos,
1444 1764 1632 1825 quibus,
1657 1765 1786 1825 quod
1819 1779 2068 1825 nunquam
2101 1764 2212 1810 beni
2245 1765 2542 1811 incommoda

749 1867 939 1914 fuerant
970 1866 1165 1926 experti,
1199 1865 1489 1911 intentatum
1513 1863 1688 1910 bellum
1711 1864 1847 1909 dulce
1870 1862 2136 1917 videbatur,
2152 1834 2226 1909 *ut
2256 1862 2340 1908 vix
2369 1864 2543 1925 magis-

749 1971 965 2033 tratuum
998 1963 1279 2010 auctoritate
1313 1963 1572 2009 sedaretur.
1639 1961 1671 2007 J
1673 1968 1778 2008 acta
1811 1962 1921 2007 inde
1954 1962 2112 2021 palam
2146 1961 2197 2007 in
2229 1959 2542 2007 Wilhelmum

748 2065 974 2118 convicia,
1002 2064 1470 2123 improperatumque
1503 2062 1645 2122 quod,
1679 2075 1823 2107 senex
1856 2060 2047 2114 delirus,
2082 2060 2251 2106 stolide
2284 2065 2332 2105 et
2362 2059 2542 2119 impru-

749 2166 917 2211 denter
945 2168 1110 2210 contra
1139 2162 1382 2223 publicum
1416 2161 1731 2215 commodum,
1766 2165 1931 2207 contra
1963 2164 2180 2231 sanctum
2214 2158 2384 2213 foedus,
2418 2160 2541 2205 anti-

747 2278 986 2324 quamque
1014 2262 1170 2316 fidem,
1192 2261 1363 2307 fuisset
1384 2262 1584 2307 locutus.
1650 2259 1816 2306 Prima
1837 2259 1989 2322 igitur
2011 2258 2260 2312 sententia,
2282 2257 2541 2304 Wilhelmo

747 2372 856 2410 cum
883 2376 1132 2423 procerum
1160 2361 1297 2423 regni
1327 2360 1502 2406 minori
1524 2359 1718 2420 quidem
1751 2360 1834 2405 sed
1868 2358 2052 2404 meliori
2080 2361 2215 2417 parte
2243 2357 2538 2420 adversante,

748 2461 960 2522 probata.
995 2460 1186 2506 Bellum
1203 2459 1313 2505 inde
1335 2474 1421 2519 per
1444 2459 1796 2504 caduceatorem
1817 2455 1991 2518 Anglis
2014 2456 2139 2502 illico
2161 2454 2245 2501 ubi
2266 2455 2318 2500 in
2336 2453 2540 2500 Galliam

749 2561 1032 2622 trajecerant
1079 2559 1326 2612 indictum,
1346 2567 1357 2584 ·“
1384 2556 1619 2604 infelicem
1664 2557 1807 2617 paulo
1850 2560 1960 2615 post
2004 2554 2187 2600 exitum
2243 2553 2539 2599 sortiturum.

749 2658 942 2712 Quanta
969 2658 1266 2704 incommoda
1292 2657 1382 2703 hoc
1407 2656 1585 2703 bellum
1612 2655 1803 2715 utrique
1831 2654 2008 2715 populo
2040 2652 2269 2705 attulerit,
2293 2650 2540 2697 Scotorum

749 2756 977 2809 historiae,
999 2770 1144 2816 quam
1166 2754 1396 2801 habemus
1419 2754 1472 2800 in
1491 2752 1723 2807 manibus,
1742 2758 2011 2812 opportuno
2033 2752 2148 2805 loco,
2173 2754 2337 2796 nostro
2360 2763 2447 2809 pro
2469 2749 2542 2794 in-

748 2854 890 2916 genio
912 2853 1228 2900 ostendemus.
1297 2851 1391 2898 Sed
1425 2851 1504 2897 hic
1540 2851 1755 2897 terminis
1789 2850 1964 2896 nostris
1999 2850 2195 2895 minime
2227 2847 2538 2911 egrediemur.

748 2951 1036 2998 Wilhelmw
1055 2950 1138 2997 ubi
1153 2950 1392 2997 funestam
1407 2950 1602 3004 cladem,
1625 2948 1802 2995 infelici
1824 2963 1932 2995 cum
1947 2946 2121 3010 Anglis
2143 2959 2412 3008 congressu,
2433 2959 2542 2990 nos-

750 3056 848 3096 tros
866 3050 1095 3111 accepisse
1112 3054 1414 3112 cognoverat,
1428 3048 1576 3094 animi
1589 3048 1749 3094 dolore
1765 3046 2108 3100 consternatus,
2126 3046 2178 3090 in
2192 3058 2302 3090 eum
2319 3041 2539 3089 morbum

751 3147 932 3202 incidit,
954 3148 1038 3208 qui
1061 3148 1123 3194 ad
1145 3147 1256 3195 vitae
1278 3147 1539 3194 terminum
1566 3146 1610 3192 ei
1637 3145 1928 3206 perduravit.
1996 3142 2259 3203 Nunquam
2281 3147 2388 3202 post
2411 3141 2541 3187 illam
