2944 3906
732 582 788 620 ’76
1364 576 1907 620 ABERDONENSIUM

745 728 748 731 ’
799 724 831 769 J
832 739 910 771 am
933 739 1043 785 quae
1067 723 1313 771 Wilhelmi
1338 726 1452 779 vita,
1475 732 1524 772 et
1545 725 1699 786 qualis
1723 724 2007 785 ipse'fuerit,
2029 731 2077 771 et
2100 727 2316 786 privatus
2340 732 2388 772 et
2404 727 2523 787 pub-

731 823 864 877 licus,
899 823 1088 870 brevius
1122 838 1267 885 quam
1298 838 1372 869 res
1408 823 1677 883 expostulet
1714 823 2101 878 monstravimus,
2135 829 2191 870 ut
2225 839 2330 870 cum
2369 826 2523 871 omnis

734 923 1079 968 commendatio
1115 937 1141 967 e
1181 922 1282 967 vita
1321 927 1559 975 nascatur,
1593 935 1703 982 quae
1737 921 1904 967 vivens
1937 922 2152 983 gesserit,
2187 923 2339 969 laudis
2374 923 2526 984 gloria

734 1022 893 1067 virum
933 1022 1133 1082 dignum
1174 1021 1440 1067 ostendant.
1511 1019 1652 1074 Quod
1691 1021 1731 1066 si
1771 1035 1914 1081 quem
1954 1021 2246 1067 laudandum
2285 1028 2525 1082 putamus,

735 1120 818 1179 qui
853 1120 1007 1166 multa
1040 1120 1237 1166 honeste
1256 1119 1536 1173 confecerit,
1560 1119 1783 1166 maximis
1806 1120 1857 1165 in
1881 1119 2021 1166 rebus
2045 1134 2153 1165 cum
2177 1120 2316 1166 laude
2339 1134 2525 1166 summa

734 1218 879 1265 fuerit
911 1225 1143 1273 versatus,
1176 1220 1381 1266 occurrit
1421 1218 1560 1266 nobis
1597 1217 1902 1273 Wilhelmus,
1920 1219 2021 1279 qui
2039 1229 2041 1232 ·
2057 1219 2293 1264 industria
2331 1233 2527 1281 magna-

735 1331 843 1363 rum
867 1316 1027 1364 rerum
1062 1314 1470 1363 conficiendarum'
1482 1330 1602 1376 pene
1633 1330 1796 1362 omnes
1830 1330 1932 1361 suae
1952 1314 2122 1362 ‘aetatis
2151 1318 2408 1376 superavit.
2475 1316 2527 1362 Si

735 1417 926 1475 quidem
949 1430 1059 1460 eum
1087 1414 1408 1460 extollendum
1431 1414 1768 1467 censuerimus,
1803 1414 1888 1474 qui
1911 1412 2003 1459 Dei
2027 1414 2378 1460 venerationem
2410 1422 2530 1461 tem-

735 1514 826 1572 plis
849 1511 1137 1566 aedificandis
1168 1511 1368 1573 ahifflue
1389 1512 1481 1573 piis
1505 1511 1726 1572 operibus
1761 1511 2115 1567 instauraverit,
2139 1512 2424 1560 Christianae
2458 1530 2530 1562 re-

735 1611 924 1673 ligionis
959 1611 1082 1656 ritus
1113 1611 1377 1658 restituerit
1409 1610 1625 1663 abolitos,
1660 1610 1911 1657 hominum
1946 1611 2286 1671 compescuerit
2323 1620 2528 1672 peccata,

736 1709 998 1755 doctrinam
1035 1715 1249 1755 sanctam
1287 1709 1500 1762 coluerit,
1534 1715 1581 1754 et
1617 1709 1678 1754 ad
1713 1707 1805 1754 Dei
1838 1709 2021 1755 cultum
2062 1711 2308 1756 doctorum
2343 1713 2530 1758 auxerit

737 1822 1007 1861 numerum,
1031 1806 1318 1853 Wilhelmus
1352 1821 1542 1867 quoque
1569 1807 1774 1853 occurrit
1809 1806 1979 1862 nobis3
2014 1807 2063 1852 id
2086 1808 2262 1853 etenim
2286 1809 2378 1854 viri
2409 1816 2530 1864 acta,

736 1920 846 1965 quae
880 1907 1177 1952 communem
1209 1905 1458 1952 hominum
1493 1904 1766 1952 facultatem
1801 1905 2075 1968 longissime
2106 1920 2331 1966 superare
2361 1914 2532 1954 utcun-

737 2017 829 2064 que
863 2003 1170 2057 ostendimus,
1194 2005 1298 2050 luce
1320 2019 1467 2064 prope
1495 2004 1606 2050 solis
1634 2005 1807 2051 clarius
1838 2005 2179 2051 demonstrant.
2248 2005 2467 2067 Denique
2489 2008 2530 2053 si

737 2117 879 2162 quem
902 2102 1262 2149 immortalitate
1279 2102 1655 2164 Judicaverimus
1678 2103 1880 2165 dignum
1903 2102 1964 2149 ob
1986 2103 2231 2158 virtutem,
2255 2111 2340 2150 aut
2373 2106 2532 2166 siquid

736 2201 800 2245 sit
822 2201 1001 2246 virtute
1034 2200 1356 2260 praestantius,
1392 2201 1475 2262 qui
1509 2200 1834 2262 incorruptam
1869 2201 2246 2257 adolescentiam,
2274 2204 2527 2265 juventam

737 2300 1023 2358 praeclaram,
1038 2296 1498 2360 irreprehensibilem
1522 2298 1827 2355 senectutem,
1846 2315 2009 2347 omnes
2023 2301 2135 2347 vitae
2151 2303 2329 2364 gradus
2347 2303 2530 2363 pudice,

736 2398 827 2457 pie,
862 2398 1061 2460 integre,
1096 2404 1144 2444 et
1178 2403 1339 2445 sancte
1371 2399 1539 2461 egerit,
1573 2398 1695 2445 nihil
1727 2405 1919 2446 tentans
1953 2398 2228 2446 Christiano
2262 2400 2529 2463 indignum,

740 2496 1033 2557 hicquoque
1067 2496 1355 2544 Wilhelmus
1384 2497 1510 2544 idem
1544 2497 1762 2545 occurrit.
1829 2497 2117 2545 Adolescens
2136 2500 2292 2553 enim,
2321 2500 2529 2561 juvenis,

738 2596 867 2640 omni
890 2596 1093 2656 denique
1116 2602 1274 2650 aetate,
1297 2611 1348 2643 se
1371 2602 1528 2643 totum
1551 2597 1722 2643 virtuti
1757 2597 2129 2644 accommodavit
2149 2613 2159 2641 :
2195 2596 2394 2643 verbum
2429 2606 2530 2644 tur-

738 2694 983 2752 pitudinis,
1018 2695 1213 2753 perinde
1246 2701 1390 2756 atque
1427 2694 1774 2755 turpitudinem
1807 2695 1976 2754 ipsam,
2015 2709 2201 2755 semper
2234 2696 2528 2750 detestatus3

738 2792 992 2838 mulierum
1015 2792 1319 2855 congressum
1342 2799 1391 2839 et
1412 2790 1629 2853 publicus
1651 2798 1699 2839 et
1720 2793 1938 2853 privatus
1960 2793 2224 2840 obhorruit.
2257 2794 2526 2842 Salutiferae

739 2889 919 2936 Christi
959 2890 1191 2950 passionis
1224 2890 1463 2952 frequenti
1499 2890 1819 2938 delectabatur
1848 2892 2306 2947 commemoratione,
2341 2891 2416 2938 de'
2433 2908 2529 2953 qua

740 2989 905 3034 solitus
928 2995 1030 3035 erat
1053 2995 1101 3035 et
1123 2989 1258 3035 docte
1280 2996 1329 3036 et
1362 2990 1439 3050 pie
1475 2990 1757 3044 concionari,
1790 2995 1934 3051 atque
1966 2995 2153 3037 noctem
2186 3005 2329 3050 quam
2365 2997 2527 3037 sancta

742 3085 840 3131 dies
863 3084 1062 3134 Veneris
1079 3094 1152 3134 est
1174 3094 1349 3143 secuta,
1366 3088 1571 3135 cilicium
1588 3088 1800 3142 indutus,
1823 3088 1915 3148 piis
1928 3087 2145 3147 precibus
2162 3088 2331 3134 ducere
2354 3089 2528 3135 insom-

740 3196 862 3229 nem.
926 3183 1076 3231 Dulce
1109 3200 1282 3233 nomen
1318 3185 1429 3232 Iesu
1467 3199 1711 3246 nunquam
1748 3185 1924 3232 excidit
1966 3185 2140 3239 animo,
2185 3186 2312 3246 quod
2352 3187 2428 3233 die
2469 3186 2526 3233 ‘ac
