2944 3906
1050 546 1507 590 EPISCOPORUM
1536 546 1712 589 VITAE.
1766 560 1769 562 ·
2222 549 2277 586 77

489 692 637 754 nocte,
662 699 866 760 vigilans
899 702 983 742 aut
1016 704 1332 756 experrectus,
1363 709 1549 756 semper
1576 694 1745 741 habuit
1778 695 1829 740 in
1865 710 1958 740 ore.
2005 694 2196 741 Miseris
2231 703 2279 740 et

490 797 674 844 afflictis
697 795 1009 855 quovismodo
1033 795 1149 840 adeo
1172 794 1476 855 compatiens,
1507 799 1564 840 ut
1586 789 1751 839 ecrum
1775 793 2074 839 incommoda
2095 793 2281 854 lachry-

489 898 580 942 mis
614 878 993 954 prosequeretur.
1029 893 1217 955 Objecti
1248 892 1458 938 criminis
1491 893 1774 951 poenitentes
1809 890 2041 951 siquando
2073 891 2282 945 vidisset,

491 999 547 1039 ut
563 993 812 1054 benignus»,
831 987 961 1037 haud
978 992 1126 1037 durus
1141 987 1290 1051 pater,
1307 991 1434 1036 dulci
1456 986 1620 1044 affatu,
1643 984 1946 1050 lachrymans
1969 989 2283 1050 frequentius,

493 1090 680 1137 monuit
703 1091 920 1136 viverent
953 1090 1175 1143 studiose,
1199 1090 1348 1135 scelus
1377 1103 1462 1148 per
1490 1089 1784 1148 voluptatem
1816 1104 1913 1134 non
1948 1089 2284 1143 admitterent3

494 1205 590 1250 quo
613 1189 833 1235 effectum
859 1194 915 1234 ut
937 1189 1149 1250 plerique
1171 1188 1389 1248 praesulis
1412 1202 1510 1233 non
1533 1193 1633 1232 tam
1664 1188 1946 1233 auctoritate
1975 1203 2120 1247 quam
2151 1189 2290 1234 bene-

496 1289 703 1334 volentia
734 1294 1041 1334 moverentur
1076 1288 1137 1333 ad
1171 1288 1379 1333 meliora.
1451 1283 1709 1331 Wilhelmi
1743 1292 1945 1332 mortem
1980 1292 2142 1332 secuta
2174 1285 2293 1346 pub·
2330 1335 2334 1339 ,

496 1389 586 1433 lica
608 1387 848 1433 moestitia.
916 1385 1279 1432 Aberdonenses
1302 1386 1430 1431 enim
1454 1391 1503 1431 et
1525 1385 1651 1430 cives
1675 1390 1722 1430 et
1744 1391 1993 1439 matronae,
2018 1386 2162 1432 simul
2185 1400 2293 1431 cum

497 1488 634 1540 clero,
658 1501 768 1532 eum
790 1492 847 1532 ut
869 1491 1115 1545 parentem
1138 1485 1221 1541 diu
1243 1485 1484 1538 luxerunt,
1513 1489 1763 1543 querentes
1787 1482 2127 1530 Aberdonense
2151 1486 2292 1531 decus

499 1599 607 1630 cum
632 1599 687 1630 eo
710 1584 943 1636 cecidisse,
978 1597 1126 1643 eoque
1160 1588 1349 1628 mortuo
1377 1582 1589 1642 ipsorum
1618 1583 1855 1629 neminem
1882 1597 1979 1628 non
2011 1583 2112 1629 fore
2142 1583 2297 1629 infeli-

500 1697 615 1728 cem.
687 1681 807 1727 Haec
830 1679 1243 1727 Aberdonensium
1267 1682 1474 1741 querela.
1542 1680 1616 1726 De
1638 1679 1897 1726 Wilhelmo
1925 1682 2045 1748 nillil
2076 1682 2297 1729 dubitan-

501 1783 631 1834 dum,
660 1779 793 1840 quin,
829 1780 889 1826 ob
923 1780 1239 1840 amplissimas
1275 1780 1494 1833 virtuteS,
1529 1778 1590 1825 ob
1623 1779 1921 1825 sanctissima
1944 1780 1999 1833 in,
2020 1781 2120 1826 vita
2146 1787 2295 1842 gesta,

502 1881 730 1940 piumque
753 1879 804 1924 in
827 1878 985 1925 Deum
1008 1884 1057 1925 et
1079 1878 1294 1926 homines
1318 1878 1555 1932 affectum,
1579 1878 1640 1924 ad
1670 1878 1829 1923 divam
1855 1879 2108 1940 virginem,
2141 1881 2217 1925 cui
2249 1895 2298 1926 se

504 1981 770 2027 adolescens
794 1980 1063 2033 devoverat,
1098 1984 1146 2025 et
1169 1979 1245 2024 cui
1268 1984 1370 2025 tota
1402 1978 1664 2024 serviverat
1692 1978 1808 2031 vita,
1843 1993 1988 2038 quam
2018 1979 2223 2039 templis,
2259 1980 2300 2025 si

504 2080 613 2125 licet
635 2079 803 2132 dicere,
838 2074 1158 2132 decoraverat,
1189 2071 1790 2138 quamqueimploraverat
1812 2078 2033 2131 moriens,
2058 2066 2296 2137 profectus

506 2179 583 2232 sit,
608 2192 715 2223 cum
741 2177 850 2223 Iesu
875 2176 1120 2222 Salvatore
1149 2171 1407 2222 immortali
1431 2175 1532 2221 vita
1562 2174 1864 2236 regnaturus,
1899 2177 1960 2221 ad
1989 2167 2133 2236 quam
2157 2191 2206 2222 se
2229 2177 2300 2221 di-

507 2277 641 2323 c'ebat
679 2277 876 2322 iturum.
945 2274 1068 2321 Erat
1104 2289 1259 2320 annus
1299 2289 1395 2334 quo
1434 2272 1722 2319 Wilhelmus
1756 2272 1857 2320 fato
1894 2279 1966 2319 est
2002 2274 2296 2334 absumptus,

509 2375 689 2421 Christi
721 2375 919 2436 originis
950 2374 1210 2420 secundum
1237 2387 1427 2419 carnem
1457 2378 1657 2433 quartus
1689 2372 1898 2418 decimus
1932 2387 2077 2432 supra
2107 2373 2298 2419 millesi-
2307 2369 2368 2417 A.
2387 2371 2448 2417 D.
2475 2374 2617 2436 1514.

507 2488 641 2520 mum
665 2473 1115 2534 quingentesimum,
1150 2472 1286 2533 regni
1308 2470 1341 2517 J
1342 2471 1474 2517 acobi
1499 2471 1670 2524 Quinti
1704 2471 1950 2517 secundus.
2023 2471 2199 2517 Coorta
2229 2479 2300 2518 est

511 2587 636 2618 anno
658 2567 1131 2619 ‘eodem2Aberdoniae
1148 2571 1310 2632 gravis
1332 2566 1616 2630 pestilentia,
1639 2584 1750 2630 quae
1767 2570 1886 2615 duos
1909 2569 2135 2615 continuo
2153 2584 2300 2616 annos

511 2670 802 2730 perduravit.
871 2670 1100 2716 Mortales
1125 2684 1180 2715 ea
1203 2670 1328 2715 cives
1351 2668 1631 2728 absumpsit,
1665 2673 1782 2728 quot
1814 2668 1947 2713 nulla
1970 2674 2111 2714 antea
2133 2668 2301 2714 similis

512 2769 762 2814 hominum
780 2768 1025 2822 memoria.
1084 2766 1323 2813 Effectum
1347 2767 1458 2812 inde
1479 2772 1536 2812 ut
1551 2765 1890 2812 Aberdonense
1913 2767 2180 2812 universale
2205 2772 2305 2812 stu-

513 2867 646 2929 dium
669 2867 833 2912 multis
857 2866 1001 2911 simul
1026 2865 1337 2911 incommodis
1361 2860 1636 2910 afficeretur.

516 3098 519 3101 Α
583 3064 701 3111 Post
715 3064 977 3110 extinctum
991 3061 1319 3116 Wilhelmum,
1337 3061 1551 3108 condicto
1568 3061 1644 3107 die
1661 3061 1722 3106 ad
1738 3061 2006 3121 pontificem
2024 3062 2307 3124 eligendum,

519 3164 851 3209 canonicorum
863 3162 1165 3209 conventioni
1181 3174 1334 3207 comes
1350 3158 1606 3213 Huntleus,
1621 3161 1696 3205 vir
1709 3159 1880 3210 nobilis
1895 3166 1942 3206 et
1956 3151 2222 3220 opulentus,
2240 3161 2311 3207 in-
