2944 3906
738 592 795 631 74
1362 583 1910 629 ABERDONENSIUM

737 734 889 782 cessit.
927 733 1073 781 Sexto
1089 739 1249 781 autem
1273 748 1419 794 quam
1443 732 1783 795 Edinburgum
1800 740 1996 781 venerat
2019 733 2110 788 die,
2132 733 2277 780 febris
2294 735 2437 795 coepit
2459 750 2533 781 ar·

736 834 862 888 dere,
886 838 943 880 ut
966 834 1101 880 nulla
1116 833 1159 879 ei
1182 832 1317 893 quies
1340 831 1563 877 daretur:
1586 831 1786 891 pertulit
1806 833 1969 878 tamen
1986 832 2195 878 dolorem
2218 846 2323 879 eam
2346 839 2532 879 noctem

736 932 923 979 tacitus.
966 931 1093 978 Tum
1118 929 1330 977 accersiti
1353 929 1523 975 medici
1546 929 1674 990 quod
1691 944 1788 976 suae
1810 936 1913 976 erat
1937 930 2072 984 artis,
2093 930 2341 991 desperata
2363 933 2531 985 salute,

736 1037 850 1076 sunt
882 1030 1080 1076 executi.
1148 1028 1381 1074 Sacellum
1415 1042 1475 1074 ex
1511 1042 1644 1075 more
1674 1029 1917 1091 ingressus
1949 1029 2102 1089 pridie
2135 1043 2281 1090 quam
2316 1031 2418 1077 vita
2452 1046 2532 1076 ex-

733 1129 916 1176 cederet
936 1142 950 1183 ;
985 1127 1069 1174 ubi
1092 1127 1246 1174 multa
1268 1128 1454 1174 dixerat
1482 1127 1559 1187 pie
1582 1134 1630 1174 et
1660 1128 1795 1175 docte
1817 1127 1877 1174 de
1898 1126 2080 1175 Christi
2111 1128 2353 1190 religione,
2383 1144 2527 1190 quam

732 1242 845 1274 vera
867 1233 1004 1281 esset,
1027 1232 1209 1287 quanta
1236 1227 1431 1286 praemia
1461 1227 1706 1287 proposita
1726 1227 1831 1288 ejus
1854 1225 2255 1280 observatoribus,
2277 1240 2428 1287 quum
2458 1242 2531 1274 sa-

731 1339 810 1371 cra
842 1339 1066 1386 peragere
1102 1325 1264 1370 volens
1299 1322 1512 1369 confecto
1550 1337 1746 1383 corpore
1780 1323 2089 1383 nequivisset,
2127 1337 2316 1370 sacrum
2350 1307 2531 1371 Christi

729 1437 898 1482 corpus
921 1422 1079 1468 afferri
1107 1422 1269 1483 Jussit,
1292 1421 1435 1481 quod,
1466 1421 1603 1469 humi
1636 1426 1920 1481 prostratus,
1951 1420 2269 1481 lachrymans,
2297 1422 2444 1468 tensis
2478 1423 2529 1469 in

728 1522 896 1567 caelum
920 1519 1155 1573 manibus,
1182 1524 1454 1566 reverenter
1487 1520 1679 1580 accepit.
1749 1518 1868 1566 Inde
1889 1519 2104 1567 oratione
2131 1525 2243 1566 ante
2266 1518 2528 1567 Salvatoris

727 1619 983 1680 imaginem
1006 1617 1217 1664 crucifixi
1240 1618 1299 1664 de
1321 1621 1456 1664 more
1477 1617 1656 1671 habita,
1688 1618 1741 1663 in
1763 1617 2035 1664 cubiculum
2058 1618 2231 1664 ductus
2255 1619 2428 1664 lectulo
2450 1620 2529 1665 de-

730 1717 910 1770 cubuit,
932 1717 1160 1763 dormivit
1189 1717 1402 1776 paulum,
1437 1722 1494 1762 ut
1526 1729 1723 1762 somnus
1757 1716 2028 1762 excluderet
2060 1716 2303 1763 dolorem:
2341 1718 2525 1777 vesperi

727 1815 931 1860 coenavit
965 1815 1091 1861 inter
1122 1819 1368 1876 magnates
1403 1814 1634 1874 quosdam
1659 1811 1764 1874 (qui
1798 1814 1859 1860 ad
1886 1827 1996 1860 eum
2029 1814 2362 1860 consolationis
2384 1829 2526 1861 causa

680 1965 690 1977 θ
725 1914 972 1973 venerant)
992 1926 1006 1967 3
1030 1913 1169 1974 gravi
1202 1912 1349 1974 huJus
1371 1925 1587 1959 sermone
1609 1912 1797 1959 tristem
1820 1913 2009 1958 vultum
2032 1917 2200 1959 notare
2222 1926 2401 1967 omnes,
2424 1927 2525 1959 ma·

723 2011 823 2056 lum
846 2012 898 2056 in
919 2026 974 2057 eo
997 2010 1188 2072 signum
1212 2011 1560 2072 praesagientes.
1598 2007 1714 2057 Sera
1738 2016 1889 2064 nocte,
1912 2009 1995 2057 ubi
2018 2016 2170 2057 strato
2192 2025 2292 2057 sese
2314 2011 2522 2065 dederat,

724 2114 951 2155 aestuante
968 2108 1113 2163 febre,
1135 2109 1271 2155 dolor
1293 2109 1336 2154 ei
1359 2108 1689 2155 vehementius
1706 2109 1870 2163 crevit,
1892 2123 2035 2169 quem
2058 2115 2293 2169 quantum
2316 2109 2418 2156 fieri
2441 2124 2524 2169 po-

723 2207 818 2252 tuit
831 2206 1162 2253 dissimulavit.
1221 2206 1367 2252 Mane
1380 2205 1463 2253 ubi
1478 2206 1752 2253 catarrhum
1767 2207 1991 2253 sensisset
2007 2207 2059 2253 in
2073 2207 2315 2254 tracheam
2333 2208 2522 2255 descen-

723 2305 927 2358 dentem,
964 2304 1310 2352 cubicularium
1332 2318 1446 2351 voce
1475 2319 1572 2365 qua
1601 2305 1760 2365 potuit
1781 2311 1958 2352 evocat.
2026 2303 2284 2366 Extemplo
2306 2321 2524 2354 cucurre-

723 2410 837 2450 runt
871 2404 1027 2458 amici,
1065 2403 1350 2451 moribundo
1373 2404 1693 2459 circumstare,
1727 2405 1810 2451 alii
1832 2403 1960 2459 flere,
1994 2405 2075 2451 alii
2108 2406 2305 2464 precari,
2338 2405 2520 2452 hortari

726 2502 807 2548 alii
830 2501 945 2548 forti
969 2508 1091 2549 esset
1125 2503 1299 2557 animo,
1330 2517 1392 2549 ne
1413 2502 1504 2549 sibi
1527 2503 1619 2563 ipsi
1655 2503 1851 2558 deesset,
1873 2502 2094 2550 futurum
2117 2502 2249 2549 brevi
2279 2504 2518 2563 sospitem.

726 2598 856 2645 Tum
879 2599 1185 2655 Wilhelmus,
1206 2602 1402 2661 paulum
1426 2602 1587 2648 oculos
1609 2602 1830 2648 attollens
1853 2607 1901 2647 et
1922 2600 2271 2661 lachrymantes
2297 2602 2518 2655 intuitus,

727 2696 963 2743 Putabam
987 2712 1072 2744 vos
1097 2697 1294 2761 (inquit)
1319 2699 1518 2746 meliora
1547 2713 1771 2746 suasuros
1791 2712 1804 2754 ;
1840 2699 2092 2746 sanitatem
2115 2713 2253 2759 spero
2274 2700 2519 2747 immorta-

724 2798 816 2842 lem
836 2810 848 2842 :
882 2812 980 2843 non
1003 2812 1080 2844 me
1102 2798 1301 2857 posthac
1324 2798 1609 2844 caducorum
1633 2811 1749 2844 cura
1769 2797 2057 2844 sollicitabit.
2102 2797 2331 2845 Vestrum
2353 2799 2444 2845 erit
2460 2804 2516 2844 ut

723 2895 941 2955 proximo
961 2896 1163 2956 quisque
1185 2896 1476 2956 opituletur3
1506 2910 1583 2942 me
1600 2896 1705 2958 jam
1727 2897 1990 2943 certissima
2013 2902 2230 2957 expectat
2244 2909 2411 2943 mors:
2441 2897 2513 2941 uti

724 2993 772 3038 in
797 2993 919 3040 hanc
940 2994 1066 3040 diem
1090 2995 1206 3049 vixi,
1229 2993 1532 3041 Christianus
1554 2995 1747 3042 moriar.
1783 2994 2114 3057 Interrogatus
2134 3009 2231 3055 quo
2252 2995 2304 3040 in
2325 2994 2427 3039 loco
2445 3008 2516 3039 se-

724 3091 964 3149 peliretur,
983 3091 1233 3148 Animum,
1256 3093 1513 3154 respondit,
1532 3093 1820 3155 jampridem
1834 3093 1938 3140 Deo
1959 3094 2129 3140 devovi
2148 3106 2162 3147 ς
2186 3106 2355 3152 corpus
2377 3092 2516 3139 ubili-

724 3187 805 3234 bet
830 3190 1087 3250 sepelitote.
1156 3190 1487 3252 Interrogatus
1509 3205 1632 3237 anne
1653 3192 1879 3251 quicquid
1902 3190 2173 3238 absentibus
2196 3192 2359 3238 amicis
2381 3206 2515 3239 man·
