2944 3906
751 520 807 560 42
1371 514 1918 559 ABERDONENSIUM

749 664 962 711 contulit.
1031 661 1091 709 In
1113 662 1397 727 Glasguensi
1418 664 1628 727 generali
1649 664 1916 726 gymnasio,
1937 663 2121 727 aliquot
2143 676 2292 711 annos
2315 665 2540 725 probatos

748 761 934 809 audivit
955 767 1281 822 praeceptores.
1349 762 1460 808 Sese
1482 763 1593 809 inde
1615 762 1746 809 dedit
1767 763 1970 825 negotiis
1991 762 2272 819 forensibuS‚
2305 764 2389 811 ubi
2416 765 2539 827 justi

748 867 796 907 et
818 861 944 921 aequi
967 866 1226 907 amatorem
1248 874 1299 907 se
1320 860 1561 921 praestitit.
1618 859 1882 922 Nunquam
1903 862 2114 924 cujusvis
2131 863 2306 910 damno
2327 864 2535 919 inhaesit,

750 960 920 1022 injusti
938 974 1102 1006 censor
1117 959 1390 1014 acerrimus,
1413 960 1541 1021 aequi
1564 961 1791 1014 excultor,
1814 972 2079 1021 pauperum
2097 959 2328 1017 defensor,
2350 963 2467 1009 adeo
2484 969 2541 1009 ut

748 1071 844 1103 non
874 1072 962 1118 pro
991 1058 1218 1112 nummis,
1251 1059 1334 1104 sed
1367 1073 1502 1120 aequo
1536 1065 1584 1105 et
1611 1059 1747 1121 justo
1777 1059 2067 1120 patrocinari
2089 1059 2339 1107 diceretur.
2409 1060 2539 1107 Hinc

745 1156 937 1203 devenit
958 1162 1015 1204 ut
1035 1171 1301 1218 pauperum
1331 1164 1475 1219 atque
1506 1159 1788 1206 miserorum
1819 1160 2077 1206 advocatus
2101 1160 2357 1207 haberetur
2379 1163 2540 1224 vulgo.

745 1254 838 1301 Sed
851 1255 951 1302 sive
968 1256 1228 1303 amicorum
1245 1256 1622 1317 importunitate,
1634 1258 1739 1312 ‘sive
1755 1259 1883 1318 quod
1899 1258 1959 1303 de
1972 1272 2022 1304 se
2044 1259 2232 1318 parcius
2251 1255 2326 1316 (ut
2338 1260 2540 1306 modesti

744 1358 816 1400 est
845 1354 994 1400 animi
1024 1360 1167 1414 atque
1197 1355 1464 1415 prudentis)
1497 1355 1711 1408 sentiret,
1744 1369 1775 1400 a
1804 1355 1958 1400 causis
1987 1354 2254 1401 forensibus
2288 1355 2535 1410 abstinuit,

745 1453 805 1498 ad
840 1452 991 1498 otium
1024 1467 1073 1498 se
1103 1451 1346 1498 conferens
1372 1465 1386 1507 ;
1425 1451 1510 1499 ubi
1543 1466 1648 1513 quoe
1681 1451 1772 1499 sub
1804 1452 2175 1513 praeoeptoribus
2209 1454 2439 1508 audierat,
2473 1455 2538 1501 ri-

746 1550 883 1604 mari,
907 1550 1135 1612 digerere,
1158 1564 1317 1596 secum
1340 1551 1574 1597 discutere
1599 1556 1785 1611 poterat
1807 1552 2114 1598 commodius·
2166 1551 2271 1598 Rus
2293 1555 2535 1607 concessit,

743 1648 794 1694 in
817 1649 994 1709 templo
1016 1649 1116 1694 divi
1140 1647 1404 1703 Michaelis,
1434 1647 1532 1703 ubi,
1562 1650 1789 1709 pastorali
1819 1663 1934 1696 cura
1963 1650 2011 1708 ei
2038 1651 2208 1696 collata
2236 1652 2351 1705 suis,
2379 1658 2435 1697 ut
2465 1650 2534 1698 ita

740 1747 909 1801 dicam,
936 1746 1251 1807 parochianis,
1280 1752 1488 1808 quatuor
1510 1761 1660 1794 annos
1682 1762 1816 1794 sacra
1837 1749 2037 1810 peregit,
2068 1763 2315 1809 nunquam
2338 1750 2532 1804 otiosus,

741 1859 988 1906 nunquam
1020 1851 1244 1906 torpens:
1277 1847 1411 1891 nulla
1444 1860 1553 1892 eum
1588 1845 1721 1901 hora,
1755 1847 1943 1893 nullum
1976 1853 2164 1908 tempus
2198 1849 2446 1908 praeteriit,
2479 1851 2531 1896 in

740 1957 835 2007 quo
857 1958 954 1990 non
975 1945 1052 1990 vel
1074 1942 1308 1991 scribebat
1331 1945 1525 2005 aliquid,
1556 1946 1632 1991 vel
1659 1945 1884 2000 dictabat,
1907 1946 1983 1991 vel
2013 1946 2306 2006 excerpebat,
2330 1949 2407 1994 vel
2428 1949 2534 1995 lite-

740 2043 867 2089 rario
893 2043 1068 2096 studio,
1099 2043 1176 2088 vel
1207 2043 1392 2089 diurnis
1424 2051 1510 2090 aut
1539 2044 1784 2090 nocturnis
1813 2044 2030 2104 precibus
2060 2044 2264 2091 horariis
2294 2060 2343 2091 se
2373 2046 2531 2094 dabat.

741 2139 859 2186 Fuit
881 2146 1040 2187 autem
1064 2139 1324 2187 Wilhelmo
1347 2142 1461 2188 vitae
1486 2142 1763 2189 institutum
1785 2143 1975 2203 privato
1993 2142 2267 2190 Christiano
2297 2145 2497 2207 dignum
2516 2160 2530 2201 ;

741 2238 793 2284 in
814 2252 910 2299 quo
933 2240 1135 2285 orationi
1163 2240 1315 2294 lecti0,
1347 2246 1396 2287 et
1427 2240 1617 2287 lectioni
1644 2242 1796 2288 oratio
1821 2247 2050 2302 perpetuo
2079 2243 2369 2291 succedebat.
2438 2244 2531 2291 Sed

739 2336 800 2382 ad
833 2337 1017 2398 maj0ra
1049 2344 1206 2392 natus,
1241 2339 1352 2385 vitae
1378 2353 1531 2401 genus
1564 2341 1682 2386 adeo
1711 2341 1956 2400 privatum
1989 2341 2073 2387 diu
2105 2356 2247 2403 agere
2281 2344 2529 2403 nequivit:

739 2442 986 2483 revocatus
1020 2451 1050 2482 a
1082 2442 1255 2497 patruo
1280 2437 1543 2485 Laurentio
1566 2437 1907 2499 Elphinstono,
1942 2439 2048 2486 viro
2082 2440 2277 2499 optimo,
2310 2441 2371 2486 ad
2395 2439 2530 2486 Glas-

738 2547 965 2596 guensem
987 2535 1244 2590 civitatem,
1278 2536 1398 2582 dure
1418 2541 1492 2583 est
1513 2536 1575 2583 ab
1597 2550 1653 2583 eo
1674 2536 1948 2598 increpitus,
1979 2538 2109 2598 quod
2138 2539 2385 2600 ingenium
2412 2541 2530 2586 adeo

742 2637 986 2691 praestans,
1020 2633 1136 2679 adeo
1170 2648 1291 2689 acre,
1324 2640 1373 2681 et
1405 2635 1468 2680 ad
1499 2634 1692 2681 familiae
1714 2635 1855 2682 decus
1881 2641 2025 2696 atque
2057 2637 2314 2682 utilitatem
2346 2642 2531 2692 natum,

738 2743 836 2776 non
857 2731 1171 2792 undequaque
1194 2733 1378 2779 coleret.
1447 2731 1654 2795 Adjecit,
1683 2735 1848 2794 procul
1871 2734 2043 2794 patria,
2066 2735 2231 2794 procul
2252 2736 2529 2795 parentibus

741 2829 966 2884 eundum,
999 2829 1083 2876 ubi
1117 2831 1380 2893 peregrinis
1413 2830 1625 2878 moribus
1666 2837 1714 2878 et
1753 2832 2013 2893 disciplinis
2047 2827 2354 2887 imbueretur,
2393 2834 2435 2880 si
2467 2835 2529 2880 ad

738 2941 912 2989 magna
928 2929 1259 2984 contenderet3
1290 2927 1518 2975 honorem
1541 2936 1590 2976 et
1610 2929 1894 2992 dignitatem
1916 2930 2173 2986 laboribus,
2194 2945 2356 2977 rerum
2378 2931 2526 2977 scien-

741 3024 857 3070 tiam
881 3027 1359 3089 peregrinationibuS,
1382 3029 1646 3089 comparari
1665 3042 1679 3084 3
1703 3029 1956 3089 impensas,
1977 3028 2152 3089 quibus
2174 3043 2294 3089 opus
2316 3028 2453 3083 foret,
2476 3045 2527 3076 se

737 3121 939 3184 largiter
979 3125 1412 3185 suppeditaturum.
1478 3124 1741 3175 Moverunt
1775 3125 2027 3173 Laurentii
2066 3128 2351 3187 tempestiva
2384 3130 2530 3176 verba
