2944 3906
706 555 761 595 50
1333 544 1875 591 ABERDONENSIUM

706 696 946 757 suppetias
969 709 982 750 ;
1019 710 1119 742 sese
1154 710 1341 756 quoque
1375 696 1427 742 in
1461 701 1569 742 tuos
1603 695 1763 741 hostes
1803 697 2108 753 sumpturum
2154 703 2301 743 arma,
2346 695 2488 751 atque

705 796 884 842 delecta
905 809 1013 841 cum
1036 795 1244 841 militum
1279 808 1440 847 manu,
1474 793 1615 839 modo
1637 792 1687 838 id
1709 790 2048 851 concupiveris,
2077 790 2130 835 in
2160 794 2297 834 tuum
2321 794 2491 834 ventu-

706 908 813 940 rum
849 894 1094 940 auxilium.
1180 891 1228 937 Is
1263 891 1451 936 animus
1491 895 1655 936 nostro
1691 889 1794 951 regi
1833 889 1885 934 in
1924 893 1972 934 te
2011 893 2242 947 tuumque
2289 900 2490 947 regnum

709 990 1131 1049 (christianissime
1164 990 1401 1050 princeps)
1436 988 1526 1034 hoc
1559 987 1875 1034 desiderium:
1911 985 2033 1031 nihil
2065 985 2183 1031 utile
2216 984 2306 1030 sibi
2339 990 2493 1044 putat,

708 1089 979 1136 delectabile
992 1088 1128 1142 nihil,
1143 1087 1265 1134 nihil
1278 1087 1545 1139 honestum,
1564 1086 1691 1146 quod
1706 1085 1998 1131 Francorum
2012 1082 2283 1143 reipublicae
2301 1082 2468 1128 inutile
2481 1095 2494 1133 ;

707 1189 809 1234 sine
831 1187 959 1233 enim
982 1186 1277 1233 Francorum
1300 1185 1524 1231 felicitate
1547 1199 1646 1231 sese
1663 1183 1764 1230 fore
1786 1188 1944 1230 censet
1966 1181 2213 1228 infelicem.
2279 1178 2494 1226 Tantum

706 1301 866 1348 regem
900 1285 1105 1332 amicum
1138 1284 1312 1330 habere
1346 1284 1537 1345 gaudet,
1558 1283 1824 1344 gloriatum
1859 1287 1922 1334 te,
1958 1281 2170 1339 inquam,
2199 1277 2493 1323 Francorum

706 1401 791 1431 rex
814 1384 1136 1435 invictissime,
1159 1383 1243 1442 qui
1266 1382 1391 1427 inter
1412 1381 1635 1426 mortales
1657 1378 1893 1438 principes
1923 1377 2051 1422 solus
2082 1375 2264 1435 liquore
2295 1376 2494 1423 sacraris

707 1483 897 1535 caelesti,
912 1482 1055 1535 soluS,
1073 1480 1163 1526 Dei
1182 1480 1283 1525 sine
1296 1478 1617 1525 controversia
1631 1477 1756 1523 dono
1773 1475 2013 1536 peculiari,
2031 1473 2294 1520 branchum
2312 1471 2492 1518 foedum

708 1588 849 1641 atque
884 1579 1200 1639 perniciosum
1226 1576 1447 1623 morbum
1481 1577 1581 1622 solo
1610 1589 1781 1621 manus
1805 1588 1941 1620 curas
1964 1578 2161 1626 attactu,
2194 1573 2322 1618 solus
2345 1572 2494 1618 uteris

707 1681 819 1726 liliis
837 1679 1012 1725 caelesti
1029 1691 1225 1723 munere
1243 1675 1434 1738 insigni.
1487 1674 1695 1720 Oramus
1711 1678 1975 1733 propterea,
1998 1685 2260 1731 precamur,
2284 1671 2495 1716 obsecra-

707 1792 829 1831 mus,
851 1791 1014 1837 parem
1037 1775 1238 1835 principi
1261 1779 1424 1819 nostro
1454 1773 1596 1819 redde
1627 1771 1774 1817 animi
1804 1770 2193 1817 benevolentiam.
2263 1768 2391 1815 Pene
2414 1770 2495 1815 ad-

709 1876 802 1922 huc
835 1889 954 1935 puer
986 1879 1252 1926 montanos,
1272 1877 1476 1937 *gentem
1497 1870 1715 1924 ferocem,
1738 1868 1965 1916 intestina
1994 1882 2179 1928 semper
2208 1868 2494 1929 gaudentem

708 1974 952 2026 seditione,
970 1971 1179 2026 domuit;
1195 1976 1352 2017 totum
1369 1984 1572 2031 regnum
1587 1969 1843 2029 tranquilla
1855 1967 2087 2014 stabilivit
2103 1980 2238 2027 pace3
2257 1981 2493 2027 nusquam

708 2072 960 2117 imminent
982 2070 1206 2130 pericula,
1223 2083 1459 2128 nusquam
1476 2067 1687 2114 hostium
1703 2067 1860 2112 timor.
1894 2064 2076 2111 Adesse
2092 2066 2195 2127 jam
2218 2066 2355 2111 novit
2376 2072 2496 2111 tem-

711 2184 800 2230 pus
823 2169 1014 2229 quando
1036 2167 1124 2214 tibi
1147 2173 1339 2228 gratum
1363 2172 1411 2212 et
1434 2167 1639 2212 amicum
1656 2180 1756 2211 sese
1773 2170 1929 2225 potest
1941 2170 2183 2226 praestare.
2217 2163 2495 2210 Amicitiam

710 2276 965 2327 sanctaque
979 2266 1157 2312 foedera
1175 2266 1330 2319 colito,
1353 2265 1628 2310 contestatis
1652 2264 1755 2310 caeli
1769 2262 2045 2310 numinibus
2067 2263 2202 2316 inita,
2225 2268 2298 2309 tot
2320 2263 2498 2309 utrius-

710 2381 802 2426 que
824 2366 988 2426 populi
1011 2364 1243 2411 nobilium
1274 2363 1506 2425 sanguine
1536 2361 1853 2422 comprobata.
1919 2360 2099 2408 Amato
2121 2361 2326 2407 amicum
2349 2375 2498 2421 popu-

711 2466 813 2510 lum
835 2463 930 2531 tibi.
946 2463 1243 2515 fidissimum,
1277 2468 1333 2508 ut
1366 2467 1535 2507 mutua
1555 2465 1831 2521 permaneat
1859 2474 2044 2520 semper
2072 2460 2198 2505 inter
2226 2473 2319 2512 eos,
2354 2466 2496 2520 atque

714 2564 839 2608 inter
861 2576 1012 2623 reges,
1034 2567 1174 2623 grata
1196 2561 1539 2607 benevolentia.
1574 2558 1651 2605 Eo
1673 2574 1878 2619 namque
1900 2563 2038 2618 pacto
2059 2563 2288 2618 perpetua
2309 2572 2499 2618 prospe-

714 2660 856 2706 ritate
872 2659 1114 2721 gaudebis,
1139 2658 1434 2705 Francorum
1457 2657 1690 2703 custodies
1712 2657 1982 2717 imperium,
2004 2655 2318 2709 conservabis,
2339 2655 2501 2702 tuebe-

714 2758 796 2811 ris,
815 2771 1007 2804 securus
1031 2762 1080 2803 et
1101 2757 1295 2802 omnino
1309 2755 1474 2802 hostili
1496 2760 1628 2801 metu
1650 2756 1848 2801 levatus.
1891 2754 2078 2800 Caetera
2099 2754 2251 2800 nostri
2273 2754 2499 2814 principis

715 2856 955 2915 postulata
975 2855 1051 2901 his
1074 2869 1133 2901 ex
1155 2854 1418 2916 magnificis
1439 2855 1555 2900 viris
1572 2860 1628 2899 et
1637 2852 1917 2906 oratoribus,
1935 2852 2109 2913 quibus
2131 2852 2382 2899 secretiora
2402 2866 2500 2899 cre-

716 2954 837 3000 didit
859 2946 1173 3023 consilia,'ubi
1196 2952 1402 3006 libuerit,
1424 2952 1634 3012 accipies.

785 3051 900 3097 Haec
922 3051 1005 3098 ubi
1027 3058 1260 3112 perorata,
1287 3066 1373 3098 rex
1395 3056 1604 3097 oratores
1626 3049 1908 3097 familiarius
1931 3050 2218 3109 complexus,
2243 3047 2326 3093 ubi
2349 3049 2500 3094 multa

718 3162 860 3208 super
892 3150 1121 3195 carissimi
1155 3150 1230 3196 sui
1263 3149 1426 3200 fratris
1458 3147 1491 3193 J
1492 3147 1623 3194 aoobi
1659 3147 1811 3194 Tertii
1846 3145 1932 3200 (sic
1968 3161 2172 3207 namque
2203 3159 2313 3192 eum
2341 3146 2501 3206 appel-
