2944 3906
990 414 1445 458 EPISCOPORUM
1475 415 1652 457 VITAE.
2167 419 2222 456 29

432 565 699 618 formatam,
728 562 811 609 ubi
834 563 894 608 ad
918 561 1306 609 Aberdonensem
1329 563 1569 609 ecclesiam
1593 562 1827 608 canonicis
1851 563 1901 607 id
1922 562 2224 622 poscentibus

432 663 589 709 fuerat
611 662 871 715 traductus,
894 667 950 707 ut
974 661 1184 708 defuncti
1208 662 1332 707 senis
1356 661 1560 723 cognati,
1584 675 1708 721 unus
1728 658 2085 706 Gallovidianus
2105 662 2226 721 epis-

434 775 590 820 copuS,
628 760 748 804 alter
784 761 915 819 prior
952 759 1175 805 Candidae
1216 759 1362 813 Casae,
1405 759 1574 805 tertius
1617 758 1761 804 abbas
1805 757 2139 820 Tunglandiae,
2179 765 2226 804 et

434 862 632 917 quartus
661 857 1065 903 Sedisanimarum
1097 858 1255 911 abbas,
1290 864 1578 911 crearentur,
1612 858 1776 903 multis
1806 857 2045 903 laboribus
2069 863 2117 902 et
2139 859 2228 903 im-

434 956 592 1015 pensis
616 955 836 1002 obtinuit.
904 954 1041 1002 Alios
1065 962 1225 1002 autem
1255 956 1466 1017 ejusdem
1491 961 1714 1017 cognatos
1743 962 1884 1016 atque
1914 971 1973 1001 ex
1999 955 2228 1002 fratribus

435 1060 578 1114 atque
601 1054 841 1100 sororibus
865 1060 1073 1115 nepotes,
1107 1069 1226 1114 quos
1253 1069 1415 1100 omnes
1439 1053 1650 1100 moribus
1674 1060 1722 1100 et
1745 1055 1993 1114 disciplina
2023 1055 2227 1100 liberali-

440 1160 513 1200 ter
549 1155 775 1207 instituit,
818 1154 1090 1199 sacerdotiis
1131 1153 1341 1206 donavit,
1381 1158 1545 1213 neptes
1586 1153 1703 1198 viris
1743 1152 1995 1206 nobilibus,
2034 1152 2228 1204 fortuna

442 1253 693 1312 opulentis,
717 1253 958 1312 copulavit
982 1252 1302 1297 matrimonio.
1372 1250 1662 1311 Exemplum
1695 1252 1827 1311 quod
1851 1251 1942 1296 hac
1964 1256 2128 1296 nostra
2158 1252 2231 1296 in-

438 1350 571 1396 felice
608 1356 749 1397 aetate
788 1352 885 1396 rari
925 1356 1039 1396 sunt
1077 1351 1326 1395 imitaturi.
1396 1348 1749 1395 Aberdonensis
1792 1347 1883 1407 (uti
1918 1356 1990 1395 est
2024 1350 2225 1410 dictum)

439 1450 684 1508 episcopus
709 1449 1000 1509 designatus,
1024 1448 1084 1493 ob
1107 1448 1211 1493 haec
1232 1448 1541 1509 gratitudinis
1574 1449 1745 1493 merita
1777 1448 1996 1494 omnibus
2029 1449 2232 1494 admira-

441 1547 561 1592 tioni
602 1561 702 1592 esse
738 1546 906 1606 coepit:
943 1560 1028 1591 nec
1061 1545 1156 1592 fuit
1190 1561 1249 1591 ex
1282 1547 1458 1592 nostris
1494 1547 1577 1606 qui
1613 1546 1771 1592 virum
1810 1548 2128 1593 maximarum
2165 1563 2237 1592 re-

439 1660 548 1690 rum
573 1645 983 1690 administratione
1006 1646 1204 1706 dignum
1230 1660 1326 1690 non
1350 1650 1560 1690 censeret
1580 1659 1592 1700 3
1619 1651 1759 1691 tanta
1783 1651 2082 1705 acceptorum
2099 1646 2237 1691 bene-

443 1743 657 1789 ficiorum
681 1744 925 1797 memoria,
943 1748 1078 1789 tanta
1101 1744 1152 1788 in
1184 1744 1420 1789 demortui
1454 1744 1578 1789 senis
1605 1744 1780 1789 amicos
1814 1744 2139 1790 benevolentia
2169 1735 2238 1790 at-

443 1857 535 1902 que
558 1842 803 1904 gratitudo
830 1842 881 1887 in
908 1857 963 1888 eo
987 1843 1268 1902 conspicata.
1338 1841 1437 1887 Sub
1460 1843 1510 1887 id
1533 1847 1737 1902 tempus,
1760 1843 1982 1888 mittendi
2010 1848 2145 1888 erant
2174 1844 2239 1888 le-

444 1942 546 2002 gati
569 1941 755 1987 decreto
778 1941 966 2001 publico
995 1942 1056 1986 ad
1080 1941 1379 2003 Burgundiae
1403 1941 1585 1994 ducem,
1609 1941 1691 2000 qui
1710 1941 1842 2002 regia
1862 1941 2082 2000 quaedam
2096 1956 2239 2003 nego-

446 2041 515 2085 tia
537 2041 598 2085 ad
615 2055 725 2085 eum
743 2039 1020 2099 perferrent.
1056 2039 1137 2085 Ad
1154 2040 1277 2085 hanc
1298 2040 1593 2099 provinciam
1612 2039 1878 2085 obeundam
1897 2039 2112 2084 Thomas
2130 2054 2237 2085 nos-

448 2145 534 2191 ter,
553 2137 905 2184 Aberdonensis
922 2139 1026 2199 jam
1050 2138 1263 2191 antistes,
1288 2138 1501 2183 omnium
1529 2137 1768 2198 suffragiis
1784 2138 2022 2198 deligitur.
2066 2138 2163 2190 Qui
2186 2138 2238 2183 in

450 2237 726 2282 Flandriam
749 2242 912 2296 postea
935 2237 996 2281 ad
1026 2237 1193 2282 ducem
1221 2236 1475 2297 trajiciens,
1508 2236 1813 2281 multitudine
1844 2236 2110 2294 piratarum
2133 2234 2236 2280 An-

449 2337 653 2397 glorum,
677 2336 737 2381 ad
760 2336 810 2380 id
833 2334 1051 2381 Eduardi
1074 2336 1199 2397 regis
1222 2336 1365 2396 jussu
1388 2336 1622 2380 instructa
1643 2335 1807 2380 multis
1833 2334 2109 2380 muneribus
2133 2349 2240 2394 pro-

452 2435 622 2488 missis,
646 2434 856 2496 fugatus,
880 2435 964 2480 vix
988 2433 1105 2496 fuga
1127 2435 1271 2479 saluti
1295 2434 1546 2479 consuluit.
1588 2432 1756 2493 Neque
1779 2433 1912 2492 prius
1935 2448 2106 2478 manus
2130 2447 2238 2479 eva-

454 2534 517 2578 sit
552 2534 828 2594 urgentium
866 2548 1011 2594 quam
1034 2532 1296 2595 naufragus
1337 2539 1384 2578 et
1420 2548 1538 2592 pene
1572 2533 1744 2586 nudus,
1780 2531 1999 2578 omnibus
2034 2531 2239 2578 fortunis

456 2631 654 2684 amissis,
689 2632 740 2676 in
773 2631 1079 2677 Hollandiam
1112 2632 1393 2694 ejiceretur3
1430 2636 1565 2676 tanta
1595 2631 1802 2676 hominis
1835 2631 2050 2690 capiendi
2081 2630 2239 2683 libido,

456 2745 537 2789 spe
578 2728 874 2775 Eduardiani
914 2730 1141 2775 muneris
1164 2730 1399 2789 potiundi,
1436 2728 1708 2791 Anglorum
1749 2730 1932 2774 animos
1974 2730 2241 2773 incesserat.

458 2828 683 2882 Thomas,
718 2827 968 2889 naufragio
1002 2828 1213 2873 hostium
1248 2828 1432 2873 insidiis
1467 2827 1710 2881 liberatus,
1738 2829 1797 2872 ad
1838 2827 2243 2887 Burgundionum

457 2928 638 2981 ducem,
662 2928 734 2973 uti
757 2926 925 2972 habuit
952 2927 1004 2972 in
1031 2926 1204 2980 animo,
1232 2926 1491 2971 concessit:
1526 2940 1555 2970 a
1582 2940 1676 2985 quo
1709 2926 1842 2970 vario
1877 2924 2242 2986 magnificentiae

456 3039 626 3084 genere
649 3031 885 3086 exceptus,
908 3026 1051 3087 regiis
1075 3025 1324 3085 postulatis
1348 3024 1555 3071 recitatis
1579 3025 1636 3068 de
1654 3024 1929 3083 reparandis
1954 3022 2240 3083 quibusdam
