2944 3906
990 518 1454 563 EPISCOPORUM
1482 523 1659 565 VITAE.
2166 527 2217 565 21

434 666 604 713 Scotiae
622 666 812 717 incolaS,
830 664 946 708 adeo
963 665 1014 709 in
1032 665 1134 725 ejus
1156 665 1246 711 fide
1270 672 1317 712 et
1339 682 1498 713 amore
1520 675 1744 727 perstare,
1766 676 1821 716 ut
1843 686 1941 717 sese
1964 678 2106 732 atque
2128 673 2223 719 for-

436 772 577 811 tunas
595 743 757 809 omnes
775 776 862 820 pro
879 761 1006 808 illius
1022 762 1409 825 Francorumque
1426 767 1562 827 regni
1585 768 1736 812 salute
1753 768 1959 814 tribuere
1983 786 2042 816 ex
2064 773 2222 818 animo

437 865 534 910 sint
555 861 724 933 parati.
791 860 941 922 quue
963 863 1031 908 rei
1055 864 1209 909 exitus
1233 864 1454 924 probavit
1473 879 1486 920 3
1520 880 1632 910 nam
1655 881 1714 911 ex
1737 881 1792 911 ea
1813 868 2118 914 multitudine
2141 870 2225 930 qui

435 962 487 1006 in
521 959 729 1006 Scotiam
763 975 871 1006 cum
894 958 1231 1008 Aberdonensi
1261 964 1474 1009 antistite
1508 964 1881 1019 revertebantur,
1914 966 1997 1011 vix
2026 968 2226 1026 quadra-

436 1060 573 1121 ginta
594 1058 716 1104 bello
739 1059 1027 1119 superfuere,
1058 1061 1227 1107 comite
1250 1060 1526 1123 Douglasio,
1550 1064 1718 1107 comite
1742 1063 2089 1123 Bouquhaniae,
2112 1065 2227 1111 duo-

436 1158 525 1204 bus
556 1157 888 1219 gubernatoris
921 1159 1175 1220 germanis,
1208 1160 1372 1205 multis
1404 1175 1512 1206 cum
1535 1159 1787 1214 nobilibus,
1811 1163 1938 1207 caesis
1961 1164 2088 1221 apud
2109 1162 2228 1209 Ver-

436 1258 633 1313 nolium,
670 1257 753 1304 ubi
788 1273 896 1303 cum
920 1255 1199 1320 Anglorum
1233 1259 1393 1319 copiis,
1416 1274 1503 1318 pro
1527 1258 1822 1305 Francorum
1856 1261 2023 1314 salute,
2058 1275 2226 1306 manus

437 1363 784 1402 conseruerant.
856 1356 1002 1402 Haud
1033 1357 1251 1402 dissimili
1284 1363 1421 1417 pacto
1455 1359 1582 1404 inter
1614 1363 1827 1404 nostram
1858 1364 1906 1404 et
1937 1358 2230 1404 Francorum

437 1460 628 1516 gentem
646 1455 831 1516 ingenti
848 1459 1011 1500 nostro
1028 1455 1325 1501 incommodo
1345 1453 1418 1514 (ut
1436 1456 1684 1502 annalibus
1702 1458 1944 1503 memoriae
1959 1464 2030 1503 est
2044 1459 2229 1518 datum)

438 1554 696 1599 sanctitum
709 1552 878 1606 foedus,
891 1552 1187 1612 frequentius
1202 1558 1273 1599 est
1286 1554 1527 1599 firmatum
1541 1556 1801 1600 multorum
1819 1557 2049 1617 sanguine
2067 1555 2228 1601 effuso.

438 1649 681 1696 Gilbertus
721 1651 773 1695 in
802 1651 1006 1712 patriam
1047 1665 1266 1697 reversus
1310 1651 1467 1697 turbae
1498 1654 1637 1712 plena
1670 1653 1845 1712 reperit
1879 1654 2049 1698 omnia.
2118 1653 2151 1698 J
2153 1668 2230 1698 am

438 1749 644 1808 perierat
667 1749 907 1795 Robertus
941 1749 1246 1811 gubernator,
1281 1756 1468 1811 accepto
1502 1752 1672 1796 nuntio
1707 1751 1824 1796 duos
1859 1751 1950 1796 sibi
1981 1765 2229 1812 germanos

438 1862 602 1909 pugna
623 1847 800 1893 infelici
823 1849 875 1893 in
899 1847 1068 1902 Gallia,
1096 1849 1231 1910 cujus
1253 1849 1357 1910 jam
1380 1855 1694 1895 memoratum
1726 1855 1811 1903 est,
1851 1849 2150 1904 occubuisse3
2186 1854 2231 1894 et

439 1945 700 2010 Murdacus
715 1946 915 1993 Roberti
929 1947 1054 1993 filius
1069 1948 1213 1993 simul
1228 1962 1336 1993 cum
1350 1948 1626 1993 haereditate
1640 1949 1966 2009 interregnum
1980 1954 2230 2006 receperat.

439 2044 561 2090 Erat
586 2045 807 2091 Murdaci
830 2046 1125 2106 principatus
1148 2047 1313 2091 multis
1338 2046 1542 2099 odiosus,
1566 2047 1695 2105 quod
1716 2046 1873 2091 hebeti
1896 2051 1997 2091 erat
2025 2046 2231 2107 ingenio,

438 2158 524 2189 nec
546 2145 660 2190 satis
676 2145 844 2190 idoneo
860 2145 920 2189 ad
939 2159 1182 2190 summum
1199 2146 1538 2206 magistratum
1559 2157 1570 2188 :
1594 2144 1799 2190 filiorum
1817 2145 1965 2189 nimia
1982 2144 2233 2189 insolentia

437 2244 803 2289 tumescentium
837 2257 1018 2288 errores
1054 2243 1303 2288 emendare
1338 2243 1532 2288 minime
1567 2258 1751 2296 curans,
1792 2243 1963 2287 timens
1998 2243 2157 2301 potius
2192 2242 2232 2286 si

438 2343 785 2403 castigarentur
806 2342 859 2386 in
882 2355 931 2386 se
954 2345 1194 2386 verterent
1223 2355 1370 2393 arma,
1407 2346 1572 2399 utpote
1596 2341 1679 2399 qui
1702 2355 1786 2399 per
1808 2354 1886 2385 eos
1910 2340 2007 2384 dies
2031 2339 2224 2391 nobiles,

437 2455 664 2502 agrorum
694 2440 885 2494 incolas,
914 2438 1213 2485 abbatiarum
1251 2443 1423 2498 patres,
1448 2442 1507 2483 'et
1538 2438 1798 2483 sacerdotes
1833 2438 2118 2496 templorum
2141 2435 2228 2482 foe-

436 2539 628 2584 dissime
665 2543 910 2593 vexarant,
943 2538 997 2583 in
1030 2552 1219 2583 omnem
1247 2538 1463 2596 rapinam
1498 2542 1546 2582 et
1579 2535 1815 2597 flagitium
1849 2535 2095 2580 dissoluti:
2131 2549 2226 2595 qua

436 2637 689 2695 iniquitate
707 2637 899 2682 devenit
908 2642 964 2683 ut
982 2636 1148 2683 Scotus
1161 2637 1379 2696 populus,
1391 2635 1635 2681 insolentis
1653 2635 1946 2695 principatus
1959 2634 2224 2692 impatiens,

435 2735 634 2780 diversis
657 2734 941 2781 factionibus
965 2735 1215 2789 laboraret,
1237 2734 1545 2781 nobilioribus
1564 2733 1694 2779 varie
1711 2734 1768 2778 de
1785 2732 1960 2792 publici
1981 2731 2224 2793 regiminis

436 2832 593 2879 forma
609 2833 936 2879 sentientibus.
978 2832 1235 2887 Gilbertus‚
1251 2834 1470 2893 iniquum
1479 2839 1670 2892 tempus
1686 2845 1868 2884 exosus,
1883 2829 2222 2889 tranquillioris

427 2933 533 2993 jam
550 2932 660 2977 vitae
678 2946 759 2991 spe
776 2931 976 2985 sublata,
994 2929 1279 2977 Aberdoniae
1301 2946 1351 2976 se
1374 2932 1609 2977 continuit
1628 2944 1640 2976 ι
1674 2930 1756 2975 ubi
1780 2929 1907 2974 haud
1929 2928 2080 2972 multo
2102 2931 2224 2986 post,

436 3032 581 3093 longa
602 3031 883 3092 aegritudine
919 3026 1080 3090 (quam
1113 3030 1316 3076 ethicam
1347 3028 1515 3074 medici
1539 3030 1727 3088 vocant)
1763 3040 1954 3086 corpore
1988 3024 2225 3071 confectus

435 3128 548 3177 fatis
571 3131 813 3183 concessit,
836 3130 912 3175 sui
934 3130 1242 3191 magistratus
1272 3143 1397 3183 anno
1430 3134 1599 3188 quarto
1624 3143 1768 3188 supra
1794 3127 2097 3173 tricesimum.
2167 3124 2227 3171 In
2249 3124 2308 3170 A.
2333 3124 2392 3170 D.
2421 3127 2560 3170 1424.

436 3227 579 3274 choro
602 3229 884 3275 cathedralis
902 3229 1067 3288 templi
1090 3228 1330 3274 humatus.
