2944 3906
701 569 756 610 82
1324 562 1873 607 ABERDONENSIUM

704 728 833 760 mum
867 718 1083 759 nostrum
1116 727 1231 774 erga
1263 718 1311 759 te
1346 714 1713 763 ostenderemus,
1752 727 1847 759 non
1882 712 2134 760 sufficiunt.
2204 711 2387 760 Verum
2410 713 2498 761 tibi

701 813 1002 874 gratulamur
1034 817 1269 872 quantum
1305 812 1378 856 vel
1416 811 1906 857 consummatissimus
1942 817 2105 858 orator
2142 812 2300 859 verbis
2340 818 2499 873 posset

702 911 1110 971 comprehendere,
1140 915 1224 956 aut
1252 909 1517 955 humanum
1541 909 1784 970 ingenium
1811 910 2094 971 excogitare.
2164 911 2500 958 Reverentiam

702 1010 893 1055 demum
934 1016 1066 1055 tuam
1102 1007 1236 1054 flexis
1276 1008 1486 1068 corporis
1526 1013 1574 1053 et
1614 1008 1761 1054 animi
1797 1008 1998 1071 genibus
2016 1019 2019 1021 ’
2038 1010 2317 1064 salutamus,
2357 1010 2499 1056 simul

702 1108 753 1153 in
787 1121 954 1153 verum
979 1107 1242 1154 antistitem
1267 1112 1315 1152 et
1337 1106 1682 1152 moderatorem
1705 1106 2013 1167 suscipientes
2039 1121 2356 1163 veneramur3
2393 1108 2503 1155 tibi-

702 1221 795 1266 que
816 1220 903 1251 nos
926 1205 1078 1251 modis
1110 1204 1330 1251 omnibus
1362 1204 1809 1265 obsequentissimus
1841 1211 1889 1251 et
1920 1219 2048 1251 nunc
2078 1220 2179 1251 esse
2210 1205 2502 1265 profitemur,

704 1311 751 1350 et
788 1304 1005 1364 deinceps
1041 1317 1225 1363 semper
1265 1302 1366 1347 fore
1405 1302 1696 1361 pollicemur.
1765 1301 1900 1363 Ergo
1937 1302 2066 1348 hunc
2100 1303 2224 1349 diem
2263 1306 2503 1351 communi

704 1403 875 1449 laetitia
903 1402 1093 1462 jussum
1118 1406 1191 1446 est
1214 1399 1390 1446 festum
1414 1413 1587 1460 agere;
1622 1414 1963 1460 campanarum
1988 1400 2089 1447 fieri
2114 1401 2334 1455 tinnitus,
2357 1403 2505 1448 musi-

704 1515 866 1546 corum
890 1505 1185 1552 concentum,
1208 1512 1592 1560 organorumque
1619 1499 1871 1545 melodiam
1891 1513 1905 1554 ;
1931 1499 2134 1559 parietes
2166 1501 2348 1555 aulaeis,
2371 1502 2503 1561 pavi-

704 1606 865 1645 menta
886 1597 1123 1659 tapetibus
1151 1598 1298 1644 sterni
1319 1611 1333 1651 ;
1376 1602 1431 1643 ut
1461 1603 1625 1643 nostra
1654 1597 1853 1643 aedificia
1877 1595 1991 1655 (suo
2017 1600 2168 1659 more)
2191 1599 2432 1659 quandam
2455 1606 2503 1646 te

706 1699 923 1744 veniente
947 1698 1223 1743 viderentur
1245 1711 1341 1756 prae
1365 1710 1414 1742 se
1430 1694 1553 1741 ferre
1576 1695 1809 1742 laetitiam.
1847 1695 1995 1758 Agite
2018 1711 2147 1758 ergo,
2172 1697 2265 1743 viri
2287 1696 2502 1743 Aberdo-

707 1811 874 1843 nenses
895 1810 906 1842 :
942 1796 1119 1856 pinnae,
1142 1796 1378 1856 gallorum
1403 1766 1670 1847 simulacra,
1693 1794 1893 1840 summis
1924 1796 2212 1855 templorum
2240 1809 2501 1842 sacrarum-

705 1911 797 1955 que
811 1896 986 1940 aedium
1009 1894 1274 1954 pinnaculis
1297 1893 1357 1939 ad
1376 1899 1628 1939 ventorum
1654 1891 1796 1940 flatus
1819 1893 2095 1940 indicandos
2119 1893 2361 1948 adhibitae,
2384 1895 2503 1941 occi-

706 1995 844 2039 dente
868 1991 1127 2039 wilhelmo
1150 1992 1372 2046 effractae,
1397 1990 1585 2038 Gavino
1620 1993 1839 2039 veniente
1873 1999 2168 2053 reparentur.
2241 1992 2336 2040 Hic
2372 1995 2498 2040 enim

709 2100 780 2138 est
827 2099 970 2152 caput
1016 2106 1113 2137 non
1157 2091 1454 2153 languidum,
1511 2091 1638 2151 quod
1663 2117 1666 2120 ·
1689 2091 1740 2136 in
1791 2091 1982 2153 singula
2038 2091 2254 2138 membra
2305 2093 2501 2153 spiritus

708 2191 931 2238 infundat
966 2192 1145 2237 vitales.
1218 2190 1312 2235 Hic
1358 2196 1429 2236 est
1472 2191 1627 2251 gallus
1661 2189 1991 2236 Aberdonensi
2031 2191 2236 2251 ecclesiae
2277 2206 2502 2252 superpo-

707 2292 842 2343 situs,
885 2291 1018 2336 nulla
1045 2290 1179 2335 clade
1210 2289 1446 2342 effractuS,
1483 2290 1565 2349 qui
1597 2289 1883 2335 dormientes
1918 2289 2158 2344 excitabit,
2203 2296 2372 2352 arguet
2406 2296 2503 2337 tor-

707 2397 884 2449 pentes.
953 2389 1142 2442 Lituus,
1176 2389 1431 2435 baculusve
1464 2388 1732 2448 pastoralis,
1765 2389 1881 2434 dum
1911 2387 2159 2434 wilhelmi
2191 2389 2397 2450 episcopi
2428 2388 2502 2435 fu-

706 2504 795 2534 nus
836 2488 1082 2534 efferretur
1120 2488 1356 2547 diruptus,
1390 2501 1518 2533 nunc
1551 2487 1760 2547 primum
1796 2487 1981 2555 integer
2013 2487 2280 2533 restitutus.
2333 2486 2499 2541 Mitra,

707 2601 849 2647 quam
881 2593 984 2632 tum
1016 2588 1195 2632 incerta
1220 2600 1332 2632 voce
1360 2600 1470 2632 cum
1495 2585 1753 2631 Wilhelmo
1782 2585 2097 2644 sepeliendam
2128 2586 2383 2631 clamatum
2413 2593 2499 2639 est,

706 2685 959 2745 pristinum
996 2685 1138 2730 rediit
1170 2686 1229 2730 ad
1264 2685 1492 2731 decorem.
1563 2682 1631 2729 Et
1664 2690 1720 2729 ut
1754 2683 1946 2730 tandem
1982 2684 2034 2729 in
2067 2685 2343 2730 universum
2376 2685 2501 2731 dica-

706 2798 828 2835 mus,
855 2784 1125 2829 ‘communis
1166 2783 1247 2828 illa
1277 2783 1520 2828 calamitas
1556 2782 1795 2828 communi
1826 2782 1996 2828 laetitia
2031 2782 2253 2846 omnibus
2285 2790 2357 2830 est
2394 2799 2499 2829 mu-

703 2867 819 2928 tata.
890 2882 1068 2927 Felices
1091 2881 1263 2927 idcirco
1298 2895 1384 2926 nos
1409 2887 1456 2926 te
1479 2869 1806 2940 pontificatum
1830 2881 2033 2928 adeunte
2053 2895 2067 2936 ;
2092 2881 2263 2936 feliceS,
2286 2883 2497 2942 inquam,

707 2988 894 3026 tantum
918 2982 1153 3039 talemque
1177 2980 1520 3025 moderatorem
1545 2979 1670 3025 nacti
1691 2993 1705 3034 3
1738 2994 1877 3039 quem
1904 2980 1964 3026 ob
1982 2981 2295 3027 eruditionem
2319 2981 2498 3040 pariter

707 3086 752 3123 et
788 3079 1070 3137 probitatem
1098 3079 1208 3139 Jure
1243 3078 1423 3138 optimo
1445 3078 1646 3138 quisque
1677 3077 1766 3123 sibi
1790 3085 2072 3139 exoptasset.
2141 3077 2191 3124 N
2193 3093 2284 3123 unc
2312 3084 2367 3125 ut
2390 3080 2497 3125 reli-

707 3191 802 3237 qua
824 3177 1136 3229 absolvamus,
1159 3178 1218 3222 de
1240 3177 1298 3222 iis
1321 3190 1427 3236 quae
1457 3177 1517 3222 ad
1544 3182 1643 3221 tuae
1672 3176 1905 3237 generalis
1937 3176 2109 3222 scholae
2134 3175 2492 3224 Aberdonensis
