2944 3906
750 392 776 429 6
1359 382 1900 428 ABERDONENSIUM

804 533 918 580 Post
932 532 980 579 N
980 539 1196 579 ectanum
1212 531 1597 588 EDUARDUS,
1615 534 1829 580 doctrina
1846 534 2153 579 ecclesiastica
2170 535 2437 593 praesertim
2455 535 2526 580 in-

735 632 897 693 signis,
914 630 1127 691 pontifex
1147 630 1498 678 Aberdonensis
1521 633 1734 678 omnium
1758 646 1987 678 consensu
2002 632 2281 679 decernitur.
2340 630 2388 677 Is
2404 631 2527 677 Mal-

735 731 884 776 colmo
900 728 1123 776 familiari
1145 736 1247 776 erat
1268 731 1319 776 in
1336 745 1428 776 usu
1450 745 1585 776 suam
1608 731 1897 792 singularem
1914 730 1975 777 ob
1993 731 2359 777 continentiam:
2382 745 2527 790 quam

734 834 781 873 et
810 843 894 873 rex
923 828 1023 888 ipse
1046 828 1114 874 ita
1135 828 1338 873 excoluit
1360 834 1408 874 et
1434 828 1643 874 servavit
1665 828 1726 873 ad
1749 828 1863 873 vitae
1886 828 2083 882 exitum,
2106 834 2163 874 ut
2184 828 2399 890 Virginis
2423 843 2530 890 cog-

739 940 910 972 nomen
937 927 1047 988 jure
1073 926 1235 972 tulerit
1264 926 1324 970 ad
1346 931 1571 985 posteros.
1640 925 1792 972 Avita
1825 927 1950 972 dona
1971 925 2301 972 Aberdonensi
2324 928 2529 973 ecclesiae

740 1031 895 1070 castus
927 1038 1011 1069 rex
1047 1023 1327 1069 Malcolmus
1359 1023 1581 1077 firmavit,
1613 1024 1844 1070 nonnulla
1877 1025 2215 1084 superaddidit.
2274 1024 2530 1071 Eduardus

736 1137 848 1168 vero
870 1122 1099 1184 regularis
1119 1122 1233 1168 vitae
1256 1122 1384 1167 viros
1421 1120 1557 1182 (quos
1581 1122 1770 1168 vocavit
1793 1120 2074 1184 Canonicos)
2099 1123 2247 1169 veluti
2271 1122 2529 1169 confratres

736 1221 796 1267 ad
818 1220 980 1266 divina
1002 1234 1110 1266 cum
1131 1220 1373 1266 sacellanis
1395 1221 1668 1280 exequenda
1692 1220 1875 1280 primus
1898 1220 2112 1266 omnium
2136 1221 2187 1266 in
2201 1220 2529 1267 Aberdonensi

736 1319 926 1364 ecclesia
959 1318 1180 1364 instituit.
1249 1317 1382 1364 Obiit
1410 1317 1521 1363 inde
1551 1323 1753 1363 mortem
1786 1323 2095 1378 posteaquam
2126 1320 2345 1365 undecim
2380 1334 2529 1366 annos

737 1433 910 1465 munus
932 1423 1141 1480 gesserat
1161 1416 1467 1477 pontificium.

803 1614 949 1661 Haud
975 1615 1127 1661 multo
1152 1619 1261 1674 post
1291 1612 1688 1660 MATTHAEUS
1719 1613 1879 1660 Sancti
1906 1612 2115 1660 Andreae
2138 1612 2530 1671 Archidiaconus‚

738 1714 866 1759 omni
899 1714 1014 1767 vita,
1044 1712 1269 1774 religione
1299 1717 1347 1758 et
1376 1712 1590 1758 doctrina
1621 1713 1838 1774 insignis,
1868 1711 2256 1759 Aberdonensem
2288 1715 2531 1774 pontifica-

738 1817 843 1867 tum
858 1816 945 1861 ,est
977 1810 1188 1870 adeptus,
1223 1810 1463 1856 Malcolmi
1496 1811 1621 1872 regis
1651 1807 1804 1872 (cujus
1835 1812 1978 1871 paulo
2012 1817 2122 1858 ante
2153 1812 2443 1859 mentionem
2465 1813 2533 1859 fe-

413 1911 473 1957 A.
487 1911 545 1957 D.
572 1909 713 1957 1163.
736 1911 904 1971 cimus)
928 1924 1052 1955 anno
1081 1909 1342 1963 undecimo,
1376 1914 1424 1955 et
1446 1908 1733 1956 Christianae
1760 1910 1958 1972 originis
1993 1911 2243 1957 millesimo
2277 1913 2532 1959 centesimo

739 2008 1028 2069 sexagesimo
1050 2008 1205 2054 tertio.
1273 2006 1435 2069 Hujus
1458 2007 1758 2067 prudentiam
1788 2008 1841 2053 in
1867 2009 2055 2070 magnis
2081 2010 2315 2070 gerendis,
2349 2010 2531 2057 labores

741 2107 801 2152 ad
818 2105 1103 2152 Christianae
1117 2106 1357 2167 religionis
1375 2105 1763 2161 observationem,
1771 2107 1996 2166 pietatem
2010 2107 2062 2152 in
2076 2108 2218 2153 deum
2235 2114 2283 2154 et
2300 2108 2530 2163 homines,

739 2203 822 2250 ubi
852 2204 1083 2249 intellexit
1112 2218 1196 2249 rex
1222 2204 1444 2263 optimuS,
1475 2205 1745 2263 complexus
1776 2219 1887 2250 eum
1916 2204 2230 2260 familiariter,
2261 2220 2447 2266 semper
2474 2214 2529 2253 ut

740 2308 981 2362 parentem
1019 2307 1066 2347 et
1099 2306 1434 2361 praeceptorem
1467 2307 1539 2347 est
1568 2307 1853 2356 veneratus;
1889 2302 2125 2362 avitisque
2155 2304 2292 2349 donis
2326 2306 2532 2351 ecclesiae

742 2399 1067 2446 Aberdonensi
1102 2413 1190 2444 sua
1224 2398 1503 2444 auctoritate
1541 2399 1696 2444 denuo
1729 2399 1943 2452 firmatiS,
1978 2400 2237 2446 immortali
2271 2402 2373 2455 deo,
2407 2402 2533 2448 divae

741 2498 916 2559 virgini
934 2497 1116 2550 Mariae,
1126 2497 1237 2542 divo
1245 2496 1489 2542 Machorio
1504 2493 1573 2553 (in
1587 2511 1790 2557 quorum
1803 2497 2031 2543 honorem
2045 2498 2278 2558 templum
2291 2505 2406 2546 tunc
2424 2516 2533 2547 con-

743 2597 852 2642 dere
874 2601 945 2641 est
966 2596 1189 2655 coeptum)
1212 2600 1260 2640 et
1283 2594 1516 2640 Matthaeo
1538 2595 1754 2654 episcopo
1777 2610 1916 2657 agros
1939 2596 1997 2641 de
2015 2595 2261 2658 Tqureg,
2280 2597 2533 2659 Fetyrneir

743 2693 915 2753 Owyn,
940 2691 1303 2745 Invercroudan‚
1327 2691 1616 2751 Banquhore
1639 2691 1799 2747 Denif,
1822 2692 2054 2753 Bahelny,
2078 2709 2186 2739 cum
2209 2696 2529 2743 ecclesiasticis

744 2805 907 2837 eorum
916 2789 1189 2842 redditibus,
1197 2788 1595 2849 proventibusque
1609 2790 1888 2849 parochialis
1906 2793 2070 2851 templi
2088 2790 2441 2839 Aberdonensis
2450 2808 2532 2853 op-

745 2889 857 2948 pidi,
874 2887 1017 2934 libere
1034 2888 1260 2949 erogavit.
1286 2886 1468 2933 Extant
1485 2888 1624 2949 regiae
1638 2889 1904 2935 donationis
1919 2890 2190 2950 diplomata.
2216 2889 2348 2936 Sedit
2364 2891 2404 2936 is
2419 2906 2535 2951 pon-

747 2985 877 3039 tifex,
901 2985 1215 3046 Kyninmund
1242 2991 1565 3047 cognomento,
1599 3001 1747 3033 annos
1774 2992 1980 3047 quatuor
2001 2993 2050 3033 et
2071 2987 2285 3049 triginta.
2354 2987 2536 3051 Attigit
