<?xml version="1.0" encoding="UTF-8"?>
<!DOCTYPE html PUBLIC "-//W3C//DTD XHTML 1.0 Transitional//EN"
    "http://www.w3.org/TR/xhtml1/DTD/xhtml1-transitional.dtd">
<html xmlns="http://www.w3.org/1999/xhtml" xml:lang="en" lang="en">
 <head>
  <title>
</title>
<meta http-equiv="Content-Type" content="text/html;charset=utf-8" />
  <meta name='ocr-system' content='tesseract 3.04.00' />
  <meta name='ocr-capabilities' content='ocr_page ocr_carea ocr_par ocr_line ocrx_word'/>
</head>
<body>
  <div class='ocr_page' id='page_1' title='image "./hectorisboetiimu00boecuoft_0032.png"; bbox 0 0 2944 3906; ppageno 0'>
   <div class='ocr_carea' id='block_1_1' title="bbox 732 512 1877 559">
    <p class='ocr_par' dir='ltr' id='par_1_1' title="bbox 732 512 1877 559">
     <span class='ocr_line' id='line_1_1' title="bbox 732 512 1877 559; baseline -0.003 0"><span class='ocrx_word' id='word_1_1' title='bbox 732 520 780 559; x_wconf 87' lang='lat'>18</span> <span class='ocrx_word' id='word_1_2' title='bbox 1336 512 1877 557; x_wconf 89' lang='lat' dir='ltr'>ABERDONENSIUM</span> 
     </span>
    </p>
   </div>
   <div class='ocr_carea' id='block_1_2' title="bbox 655 656 2498 3180">
    <p class='ocr_par' dir='ltr' id='par_1_2' title="bbox 655 656 2498 3180">
     <span class='ocr_line' id='line_1_2' title="bbox 723 656 2498 723; baseline -0.004 -15"><span class='ocrx_word' id='word_1_3' title='bbox 723 669 924 709; x_wconf 86' lang='lat' dir='ltr'>acturus.</span> <span class='ocrx_word' id='word_1_4' title='bbox 961 661 1088 708; x_wconf 90' lang='lat' dir='ltr'>Tum</span> <span class='ocrx_word' id='word_1_5' title='bbox 1110 661 1393 716; x_wconf 80' lang='lat' dir='ltr'>Alexander,</span> <span class='ocrx_word' id='word_1_6' title='bbox 1417 663 1609 723; x_wconf 88' lang='lat' dir='ltr'>quidam</span> <span class='ocrx_word' id='word_1_7' title='bbox 1632 662 1756 723; x_wconf 89' lang='lat' dir='ltr'>regis</span> <span class='ocrx_word' id='word_1_8' title='bbox 1779 661 1960 707; x_wconf 91' lang='lat' dir='ltr'>nothus</span> <span class='ocrx_word' id='word_1_9' title='bbox 1981 656 2054 718; x_wconf 93' lang='lat' dir='ltr'>(ut</span> <span class='ocrx_word' id='word_1_10' title='bbox 2071 658 2329 719; x_wconf 89' lang='lat' dir='ltr'>ferebatur)</span> <span class='ocrx_word' id='word_1_11' title='bbox 2353 656 2498 702; x_wconf 91' lang='lat' dir='ltr'>homo</span> 
     </span>
     <span class='ocr_line' id='line_1_3' title="bbox 721 756 2493 822; baseline -0.004 -15"><span class='ocrx_word' id='word_1_12' title='bbox 721 760 925 807; x_wconf 89' lang='lat' dir='ltr'>nefarius</span> <span class='ocrx_word' id='word_1_13' title='bbox 961 758 1114 822; x_wconf 88' lang='lat' dir='ltr'>(cujus</span> <span class='ocrx_word' id='word_1_14' title='bbox 1147 760 1496 820; x_wconf 71' lang='lat' dir='ltr'><strong>improbitatem</strong></span> <span class='ocrx_word' id='word_1_15' title='bbox 1524 774 1686 805; x_wconf 90' lang='lat' dir='ltr'>omnes</span> <span class='ocrx_word' id='word_1_16' title='bbox 1709 758 1900 804; x_wconf 89' lang='lat' dir='ltr'>fuerant</span> <span class='ocrx_word' id='word_1_17' title='bbox 1923 758 2096 819; x_wconf 88' lang='lat' dir='ltr'>perosi)</span> <span class='ocrx_word' id='word_1_18' title='bbox 2121 763 2308 816; x_wconf 91' lang='lat' dir='ltr'>tempus</span> <span class='ocrx_word' id='word_1_19' title='bbox 2333 756 2493 801; x_wconf 84' lang='lat' dir='ltr'>adesse</span> 
     </span>
     <span class='ocr_line' id='line_1_4' title="bbox 721 854 2497 920; baseline -0.005 -13"><span class='ocrx_word' id='word_1_20' title='bbox 721 867 851 907; x_wconf 88' lang='lat' dir='ltr'>ratus</span> <span class='ocrx_word' id='word_1_21' title='bbox 868 874 963 920; x_wconf 91' lang='lat' dir='ltr'>quo</span> <span class='ocrx_word' id='word_1_22' title='bbox 986 860 1266 920; x_wconf 88' lang='lat' dir='ltr'>episcopum,</span> <span class='ocrx_word' id='word_1_23' title='bbox 1290 858 1378 903; x_wconf 87' lang='lat' dir='ltr'>sibi</span> <span class='ocrx_word' id='word_1_24' title='bbox 1393 858 1453 903; x_wconf 95' lang='lat' dir='ltr'>ob</span> <span class='ocrx_word' id='word_1_25' title='bbox 1473 858 1585 903; x_wconf 90' lang='lat' dir='ltr'>vitae</span> <span class='ocrx_word' id='word_1_26' title='bbox 1608 857 1935 917; x_wconf 90' lang='lat' dir='ltr'>impuritatem</span> <span class='ocrx_word' id='word_1_27' title='bbox 1958 855 2212 909; x_wconf 89' lang='lat' dir='ltr'>infensum,</span> <span class='ocrx_word' id='word_1_28' title='bbox 2235 869 2322 900; x_wconf 92' lang='lat' dir='ltr'>suo</span> <span class='ocrx_word' id='word_1_29' title='bbox 2340 854 2497 914; x_wconf 93' lang='lat' dir='ltr'>oppri-</span> 
     </span>
     <span class='ocr_line' id='line_1_5' title="bbox 719 952 2494 1018; baseline -0.005 -13"><span class='ocrx_word' id='word_1_30' title='bbox 719 965 866 1006; x_wconf 88' lang='lat' dir='ltr'>meret.</span> <span class='ocrx_word' id='word_1_31' title='bbox 888 958 1097 1011; x_wconf 85' lang='lat' dir='ltr'>arbitrio,</span> <span class='ocrx_word' id='word_1_32' title='bbox 1119 957 1351 1018; x_wconf 87' lang='lat' dir='ltr'>adjunctis</span> <span class='ocrx_word' id='word_1_33' title='bbox 1376 956 1575 1016; x_wconf 86' lang='lat' dir='ltr'>impuris</span> <span class='ocrx_word' id='word_1_34' title='bbox 1598 955 1897 1016; x_wconf 91' lang='lat' dir='ltr'>quibusdam,</span> <span class='ocrx_word' id='word_1_35' title='bbox 1920 960 1977 1001; x_wconf 93' lang='lat' dir='ltr'>ut</span> <span class='ocrx_word' id='word_1_36' title='bbox 1999 960 2246 1014; x_wconf 90' lang='lat' dir='ltr'>paternam</span> <span class='ocrx_word' id='word_1_37' title='bbox 2269 952 2494 1014; x_wconf 79' lang='lat' dir='ltr'>injuriam</span> 
     </span>
     <span class='ocr_line' id='line_1_6' title="bbox 717 1051 2495 1114; baseline -0.003 -12"><span class='ocrx_word' id='word_1_38' title='bbox 717 1057 874 1102; x_wconf 90' lang='lat' dir='ltr'>ulcisci</span> <span class='ocrx_word' id='word_1_39' title='bbox 893 1056 1144 1108; x_wconf 89' lang='lat' dir='ltr'>videretur,</span> <span class='ocrx_word' id='word_1_40' title='bbox 1167 1055 1370 1114; x_wconf 90' lang='lat' dir='ltr'>episcopi</span> <span class='ocrx_word' id='word_1_41' title='bbox 1393 1069 1493 1100; x_wconf 89' lang='lat' dir='ltr'>rem</span> <span class='ocrx_word' id='word_1_42' title='bbox 1511 1054 1779 1114; x_wconf 87' lang='lat' dir='ltr'>pecuariam</span> <span class='ocrx_word' id='word_1_43' title='bbox 1797 1053 2016 1099; x_wconf 91' lang='lat' dir='ltr'>omnibus</span> <span class='ocrx_word' id='word_1_44' title='bbox 2035 1067 2143 1098; x_wconf 90' lang='lat' dir='ltr'>cum</span> <span class='ocrx_word' id='word_1_45' title='bbox 2165 1052 2370 1098; x_wconf 89' lang='lat' dir='ltr'>fortunis</span> <span class='ocrx_word' id='word_1_46' title='bbox 2389 1051 2495 1097; x_wconf 91' lang='lat' dir='ltr'>abe-</span> 
     </span>
     <span class='ocr_line' id='line_1_7' title="bbox 655 1147 2493 1216; baseline -0.002 -16"><span class='ocrx_word' id='word_1_47' title='bbox 655 1190 662 1195; x_wconf 53' lang='lat'>,</span> <span class='ocrx_word' id='word_1_48' title='bbox 715 1155 801 1216; x_wconf 87' lang='lat' dir='ltr'>git,</span> <span class='ocrx_word' id='word_1_49' title='bbox 835 1153 1097 1215; x_wconf 81' lang='lat' dir='ltr'>agrestibus</span> <span class='ocrx_word' id='word_1_50' title='bbox 1130 1167 1421 1214; x_wconf 86' lang='lat' dir='ltr'>gregumque</span> <span class='ocrx_word' id='word_1_51' title='bbox 1459 1151 1728 1199; x_wconf 84' lang='lat' dir='ltr'>custodibus</span> <span class='ocrx_word' id='word_1_52' title='bbox 1763 1152 2097 1198; x_wconf 87' lang='lat' dir='ltr'>contumeliose</span> <span class='ocrx_word' id='word_1_53' title='bbox 2119 1152 2263 1198; x_wconf 86' lang='lat' dir='ltr'>caesis.</span> <span class='ocrx_word' id='word_1_54' title='bbox 2328 1147 2493 1213; x_wconf 86' lang='lat' dir='ltr'>Agros</span> 
     </span>
     <span class='ocr_line' id='line_1_8' title="bbox 719 1250 2494 1311; baseline -0.001 -14"><span class='ocrx_word' id='word_1_55' title='bbox 719 1252 918 1298; x_wconf 85' lang='lat' dir='ltr'>ecclesiae</span> <span class='ocrx_word' id='word_1_56' title='bbox 939 1251 1201 1297; x_wconf 86' lang='lat' dir='ltr'>subtractos</span> <span class='ocrx_word' id='word_1_57' title='bbox 1224 1251 1458 1297; x_wconf 87' lang='lat' dir='ltr'>sceleratis</span> <span class='ocrx_word' id='word_1_58' title='bbox 1481 1251 1778 1311; x_wconf 87' lang='lat' dir='ltr'>quibusdam,</span> <span class='ocrx_word' id='word_1_59' title='bbox 1802 1265 1887 1296; x_wconf 90' lang='lat' dir='ltr'>nec</span> <span class='ocrx_word' id='word_1_60' title='bbox 1910 1251 2051 1296; x_wconf 92' lang='lat' dir='ltr'>deum</span> <span class='ocrx_word' id='word_1_61' title='bbox 2074 1265 2159 1296; x_wconf 90' lang='lat' dir='ltr'>nec</span> <span class='ocrx_word' id='word_1_62' title='bbox 2181 1250 2395 1295; x_wconf 91' lang='lat' dir='ltr'>homines</span> <span class='ocrx_word' id='word_1_63' title='bbox 2415 1263 2494 1295; x_wconf 88' lang='lat' dir='ltr'>ve-</span> 
     </span>
     <span class='ocr_line' id='line_1_9' title="bbox 717 1346 2492 1407; baseline -0.002 -11"><span class='ocrx_word' id='word_1_64' title='bbox 717 1349 942 1403; x_wconf 88' lang='lat' dir='ltr'>rentibus,</span> <span class='ocrx_word' id='word_1_65' title='bbox 966 1364 1052 1395; x_wconf 91' lang='lat' dir='ltr'>sua</span> <span class='ocrx_word' id='word_1_66' title='bbox 1075 1349 1266 1394; x_wconf 88' lang='lat' dir='ltr'>libidine</span> <span class='ocrx_word' id='word_1_67' title='bbox 1287 1348 1492 1407; x_wconf 88' lang='lat' dir='ltr'>partitus</span> <span class='ocrx_word' id='word_1_68' title='bbox 1516 1348 1712 1393; x_wconf 85' lang='lat' dir='ltr'>tradidit</span> <span class='ocrx_word' id='word_1_69' title='bbox 1736 1348 1967 1393; x_wconf 91' lang='lat' dir='ltr'>colendos.</span> <span class='ocrx_word' id='word_1_70' title='bbox 2026 1346 2257 1393; x_wconf 88' lang='lat' dir='ltr'>Ecclesiae</span> <span class='ocrx_word' id='word_1_71' title='bbox 2280 1348 2492 1393; x_wconf 89' lang='lat' dir='ltr'>redditus</span> 
     </span>
     <span class='ocr_line' id='line_1_10' title="bbox 716 1445 2493 1507; baseline -0.001 -15"><span class='ocrx_word' id='word_1_72' title='bbox 716 1445 956 1503; x_wconf 82' lang='lat' dir='ltr'>(secundas</span> <span class='ocrx_word' id='word_1_73' title='bbox 979 1447 1180 1491; x_wconf 86' lang='lat' dir='ltr'>decimas</span> <span class='ocrx_word' id='word_1_74' title='bbox 1209 1446 1390 1506; x_wconf 82' lang='lat' dir='ltr'>dicunt)</span> <span class='ocrx_word' id='word_1_75' title='bbox 1424 1459 1534 1491; x_wconf 89' lang='lat' dir='ltr'>suos</span> <span class='ocrx_word' id='word_1_76' title='bbox 1565 1446 1698 1507; x_wconf 88' lang='lat' dir='ltr'>regia</span> <span class='ocrx_word' id='word_1_77' title='bbox 1729 1445 1981 1491; x_wconf 89' lang='lat' dir='ltr'>donatione</span> <span class='ocrx_word' id='word_1_78' title='bbox 2005 1445 2224 1491; x_wconf 84' lang='lat' dir='ltr'>vocavit:</span> <span class='ocrx_word' id='word_1_79' title='bbox 2259 1446 2328 1491; x_wconf 91' lang='lat' dir='ltr'>ita</span> <span class='ocrx_word' id='word_1_80' title='bbox 2350 1445 2493 1491; x_wconf 91' lang='lat' dir='ltr'>homo</span> 
     </span>
     <span class='ocr_line' id='line_1_11' title="bbox 712 1544 2490 1604; baseline -0.001 -14"><span class='ocrx_word' id='word_1_81' title='bbox 712 1546 924 1604; x_wconf 91' lang='lat' dir='ltr'>impurus</span> <span class='ocrx_word' id='word_1_82' title='bbox 946 1559 1031 1604; x_wconf 89' lang='lat' dir='ltr'>per</span> <span class='ocrx_word' id='word_1_83' title='bbox 1052 1544 1218 1603; x_wconf 91' lang='lat' dir='ltr'>optimi</span> <span class='ocrx_word' id='word_1_84' title='bbox 1247 1544 1474 1589; x_wconf 88' lang='lat' dir='ltr'>antistitis</span> <span class='ocrx_word' id='word_1_85' title='bbox 1503 1558 1642 1604; x_wconf 89' lang='lat' dir='ltr'>agros</span> <span class='ocrx_word' id='word_1_86' title='bbox 1672 1548 1719 1588; x_wconf 89' lang='lat' dir='ltr'>et</span> <span class='ocrx_word' id='word_1_87' title='bbox 1748 1544 1924 1603; x_wconf 87' lang='lat' dir='ltr'>praedia</span> <span class='ocrx_word' id='word_1_88' title='bbox 1953 1544 2037 1589; x_wconf 91' lang='lat' dir='ltr'>diu</span> <span class='ocrx_word' id='word_1_89' title='bbox 2067 1550 2138 1589; x_wconf 89' lang='lat' dir='ltr'>est</span> <span class='ocrx_word' id='word_1_90' title='bbox 2167 1544 2490 1590; x_wconf 87' lang='lat' dir='ltr'>debacchatus.</span> 
     </span>
     <span class='ocr_line' id='line_1_12' title="bbox 712 1641 2490 1702; baseline -0.001 -15"><span class='ocrx_word' id='word_1_91' title='bbox 712 1642 810 1688; x_wconf 89' lang='lat' dir='ltr'>Nec</span> <span class='ocrx_word' id='word_1_92' title='bbox 843 1642 1078 1702; x_wconf 87' lang='lat' dir='ltr'>quispiam</span> <span class='ocrx_word' id='word_1_93' title='bbox 1101 1641 1251 1686; x_wconf 90' lang='lat' dir='ltr'>voluit</span> <span class='ocrx_word' id='word_1_94' title='bbox 1283 1643 1361 1698; x_wconf 91' lang='lat' dir='ltr'>(ne</span> <span class='ocrx_word' id='word_1_95' title='bbox 1391 1655 1551 1702; x_wconf 86' lang='lat' dir='ltr'>regem</span> <span class='ocrx_word' id='word_1_96' title='bbox 1580 1641 1813 1686; x_wconf 85' lang='lat' dir='ltr'>offendere</span> <span class='ocrx_word' id='word_1_97' title='bbox 1836 1641 2095 1702; x_wconf 89' lang='lat' dir='ltr'>videretur)</span> <span class='ocrx_word' id='word_1_98' title='bbox 2127 1642 2490 1701; x_wconf 18' lang='lat' dir='ltr'>sesestvindicem</span> 
     </span>
     <span class='ocr_line' id='line_1_13' title="bbox 711 1739 2489 1802; baseline -0.002 -14"><span class='ocrx_word' id='word_1_99' title='bbox 711 1756 956 1802; x_wconf 91' lang='lat' dir='ltr'>opponere.</span> <span class='ocrx_word' id='word_1_100' title='bbox 1009 1739 1230 1786; x_wconf 86' lang='lat' dir='ltr'>Pontifex</span> <span class='ocrx_word' id='word_1_101' title='bbox 1252 1739 1334 1785; x_wconf 92' lang='lat' dir='ltr'>ubi</span> <span class='ocrx_word' id='word_1_102' title='bbox 1356 1740 1510 1785; x_wconf 90' lang='lat' dir='ltr'>illatas</span> <span class='ocrx_word' id='word_1_103' title='bbox 1534 1740 1732 1801; x_wconf 88' lang='lat' dir='ltr'>injurias</span> <span class='ocrx_word' id='word_1_104' title='bbox 1755 1739 1935 1785; x_wconf 87' lang='lat' dir='ltr'>frustra</span> <span class='ocrx_word' id='word_1_105' title='bbox 1957 1755 2068 1802; x_wconf 89' lang='lat' dir='ltr'>rege</span> <span class='ocrx_word' id='word_1_106' title='bbox 2091 1754 2249 1785; x_wconf 89' lang='lat' dir='ltr'>coram</span> <span class='ocrx_word' id='word_1_107' title='bbox 2270 1739 2489 1799; x_wconf 89' lang='lat' dir='ltr'>frequen-</span> 
     </span>
     <span class='ocr_line' id='line_1_14' title="bbox 715 1837 2486 1900; baseline -0.001 -13"><span class='ocrx_word' id='word_1_108' title='bbox 715 1842 810 1887; x_wconf 75' lang='lat' dir='ltr'>tius</span> <span class='ocrx_word' id='word_1_109' title='bbox 835 1845 1028 1900; x_wconf 91' lang='lat' dir='ltr'>questus</span> <span class='ocrx_word' id='word_1_110' title='bbox 1051 1838 1221 1892; x_wconf 89' lang='lat' dir='ltr'>fuerat,</span> <span class='ocrx_word' id='word_1_111' title='bbox 1244 1839 1345 1884; x_wconf 89' lang='lat' dir='ltr'>sine</span> <span class='ocrx_word' id='word_1_112' title='bbox 1379 1839 1476 1883; x_wconf 88' lang='lat' dir='ltr'>ulla</span> <span class='ocrx_word' id='word_1_113' title='bbox 1509 1839 1818 1898; x_wconf 89' lang='lat' dir='ltr'>reparationis</span> <span class='ocrx_word' id='word_1_114' title='bbox 1851 1854 1947 1898; x_wconf 90' lang='lat' dir='ltr'>spe,</span> <span class='ocrx_word' id='word_1_115' title='bbox 1970 1837 2314 1893; x_wconf 85' lang='lat' dir='ltr'>Alexandrum,</span> <span class='ocrx_word' id='word_1_116' title='bbox 2342 1840 2486 1885; x_wconf 88' lang='lat' dir='ltr'>sacris</span> 
     </span>
     <span class='ocr_line' id='line_1_15' title="bbox 710 1936 2485 1998; baseline 0.001 -15"><span class='ocrx_word' id='word_1_117' title='bbox 710 1937 1013 1998; x_wconf 87' lang='lat' dir='ltr'>prohibitum,</span> <span class='ocrx_word' id='word_1_118' title='bbox 1037 1937 1151 1982; x_wconf 90' lang='lat' dir='ltr'>diris</span> <span class='ocrx_word' id='word_1_119' title='bbox 1175 1937 1473 1996; x_wconf 88' lang='lat' dir='ltr'>persequitur</span> <span class='ocrx_word' id='word_1_120' title='bbox 1500 1937 1887 1983; x_wconf 86' lang='lat' dir='ltr'>execrationibus.</span> <span class='ocrx_word' id='word_1_121' title='bbox 1956 1936 2057 1983; x_wconf 93' lang='lat' dir='ltr'>Nec</span> <span class='ocrx_word' id='word_1_122' title='bbox 2085 1944 2245 1983; x_wconf 88' lang='lat' dir='ltr'>tamen</span> <span class='ocrx_word' id='word_1_123' title='bbox 2272 1939 2485 1984; x_wconf 85' lang='lat' dir='ltr'>animum</span> 
     </span>
     <span class='ocr_line' id='line_1_16' title="bbox 710 2034 2492 2095; baseline 0 -13"><span class='ocrx_word' id='word_1_124' title='bbox 710 2043 1029 2082; x_wconf 89' lang='lat' dir='ltr'>contumacem</span> <span class='ocrx_word' id='word_1_125' title='bbox 1053 2049 1138 2080; x_wconf 91' lang='lat' dir='ltr'>nec</span> <span class='ocrx_word' id='word_1_126' title='bbox 1169 2035 1545 2080; x_wconf 88' lang='lat' dir='ltr'>malevolentiam</span> <span class='ocrx_word' id='word_1_127' title='bbox 1575 2036 1736 2095; x_wconf 89' lang='lat' dir='ltr'>posuit</span> <span class='ocrx_word' id='word_1_128' title='bbox 1757 2034 2044 2090; x_wconf 89' lang='lat' dir='ltr'>Alexander,</span> <span class='ocrx_word' id='word_1_129' title='bbox 2068 2037 2150 2082; x_wconf 88' lang='lat' dir='ltr'>sed</span> <span class='ocrx_word' id='word_1_130' title='bbox 2180 2038 2232 2082; x_wconf 91' lang='lat' dir='ltr'>in</span> <span class='ocrx_word' id='word_1_131' title='bbox 2264 2038 2379 2090; x_wconf 90' lang='lat' dir='ltr'>dies,</span> <span class='ocrx_word' id='word_1_132' title='bbox 2420 2038 2492 2082; x_wconf 89' lang='lat' dir='ltr'>ira</span> 
     </span>
     <span class='ocr_line' id='line_1_17' title="bbox 708 2133 2484 2194; baseline 0.001 -14"><span class='ocrx_word' id='word_1_133' title='bbox 708 2142 755 2180; x_wconf 92' lang='lat' dir='ltr'>et</span> <span class='ocrx_word' id='word_1_134' title='bbox 788 2135 894 2180; x_wconf 90' lang='lat' dir='ltr'>odio</span> <span class='ocrx_word' id='word_1_135' title='bbox 930 2147 1161 2187; x_wconf 90' lang='lat' dir='ltr'>accensus,</span> <span class='ocrx_word' id='word_1_136' title='bbox 1195 2134 1462 2194; x_wconf 88' lang='lat' dir='ltr'>indigniora</span> <span class='ocrx_word' id='word_1_137' title='bbox 1495 2133 1799 2193; x_wconf 86' lang='lat' dir='ltr'>perpetravit.</span> <span class='ocrx_word' id='word_1_138' title='bbox 1868 2134 2085 2180; x_wconf 88' lang='lat' dir='ltr'>Collectis</span> <span class='ocrx_word' id='word_1_139' title='bbox 2115 2136 2307 2180; x_wconf 89' lang='lat' dir='ltr'>tandem</span> <span class='ocrx_word' id='word_1_140' title='bbox 2344 2137 2484 2181; x_wconf 89' lang='lat' dir='ltr'>scele-</span> 
     </span>
     <span class='ocr_line' id='line_1_18' title="bbox 707 2229 2478 2294; baseline 0.001 -16"><span class='ocrx_word' id='word_1_141' title='bbox 707 2230 827 2278; x_wconf 84' lang='lat' dir='ltr'>ratis</span> <span class='ocrx_word' id='word_1_142' title='bbox 857 2232 1136 2291; x_wconf 89' lang='lat' dir='ltr'>quibusdam</span> <span class='ocrx_word' id='word_1_143' title='bbox 1166 2232 1249 2291; x_wconf 92' lang='lat' dir='ltr'>qui</span> <span class='ocrx_word' id='word_1_144' title='bbox 1278 2246 1384 2276; x_wconf 89' lang='lat' dir='ltr'>eum</span> <span class='ocrx_word' id='word_1_145' title='bbox 1415 2232 1655 2291; x_wconf 88' lang='lat' dir='ltr'>impietate</span> <span class='ocrx_word' id='word_1_146' title='bbox 1690 2229 1975 2286; x_wconf 78' lang='lat' dir='ltr'>referebant,</span> <span class='ocrx_word' id='word_1_147' title='bbox 1999 2232 2324 2279; x_wconf 89' lang='lat' dir='ltr'>Aberdoniam</span> <span class='ocrx_word' id='word_1_148' title='bbox 2356 2235 2478 2294; x_wconf 91' lang='lat' dir='ltr'>epis-</span> 
     </span>
     <span class='ocr_line' id='line_1_19' title="bbox 705 2329 2481 2391; baseline 0.001 -15"><span class='ocrx_word' id='word_1_149' title='bbox 705 2345 873 2391; x_wconf 90' lang='lat' dir='ltr'>copum</span> <span class='ocrx_word' id='word_1_150' title='bbox 903 2329 1267 2376; x_wconf 89' lang='lat' dir='ltr'>obtruncaturus</span> <span class='ocrx_word' id='word_1_151' title='bbox 1296 2331 1534 2375; x_wconf 89' lang='lat' dir='ltr'>concessit.</span> <span class='ocrx_word' id='word_1_152' title='bbox 1602 2329 1867 2390; x_wconf 90' lang='lat' dir='ltr'>Episcopus</span> <span class='ocrx_word' id='word_1_153' title='bbox 1898 2345 2025 2385; x_wconf 88' lang='lat' dir='ltr'>vero,</span> <span class='ocrx_word' id='word_1_154' title='bbox 2048 2346 2189 2390; x_wconf 91' lang='lat' dir='ltr'>quem</span> <span class='ocrx_word' id='word_1_155' title='bbox 2212 2347 2308 2377; x_wconf 93' lang='lat' dir='ltr'>non</span> <span class='ocrx_word' id='word_1_156' title='bbox 2338 2334 2481 2378; x_wconf 84' lang='lat' dir='ltr'>latuit</span> 
     </span>
     <span class='ocr_line' id='line_1_20' title="bbox 706 2427 2480 2490; baseline 0.001 -16"><span class='ocrx_word' id='word_1_157' title='bbox 706 2430 820 2489; x_wconf 91' lang='lat' dir='ltr'>quid</span> <span class='ocrx_word' id='word_1_158' title='bbox 859 2427 1129 2473; x_wconf 86' lang='lat' dir='ltr'>Alexander</span> <span class='ocrx_word' id='word_1_159' title='bbox 1161 2428 1421 2480; x_wconf 89' lang='lat' dir='ltr'>moliretur,</span> <span class='ocrx_word' id='word_1_160' title='bbox 1462 2428 1619 2487; x_wconf 89' lang='lat' dir='ltr'>potius</span> <span class='ocrx_word' id='word_1_161' title='bbox 1654 2427 1834 2474; x_wconf 88' lang='lat' dir='ltr'>Christi</span> <span class='ocrx_word' id='word_1_162' title='bbox 1867 2429 2071 2474; x_wconf 82' lang='lat' dir='ltr'>ecclesiae</span> <span class='ocrx_word' id='word_1_163' title='bbox 2104 2430 2302 2475; x_wconf 90' lang='lat' dir='ltr'>utilitati</span> <span class='ocrx_word' id='word_1_164' title='bbox 2336 2445 2480 2490; x_wconf 87' lang='lat' dir='ltr'>quam</span> 
     </span>
     <span class='ocr_line' id='line_1_21' title="bbox 707 2526 2482 2587; baseline 0.001 -14"><span class='ocrx_word' id='word_1_165' title='bbox 707 2528 820 2573; x_wconf 86' lang='lat' dir='ltr'>vitae</span> <span class='ocrx_word' id='word_1_166' title='bbox 843 2527 1101 2580; x_wconf 88' lang='lat' dir='ltr'>consulens,</span> <span class='ocrx_word' id='word_1_167' title='bbox 1124 2526 1311 2572; x_wconf 87' lang='lat' dir='ltr'>obviam</span> <span class='ocrx_word' id='word_1_168' title='bbox 1334 2532 1538 2586; x_wconf 88' lang='lat' dir='ltr'>tyranno</span> <span class='ocrx_word' id='word_1_169' title='bbox 1560 2526 1687 2571; x_wconf 91' lang='lat' dir='ltr'>ultro</span> <span class='ocrx_word' id='word_1_170' title='bbox 1709 2527 2038 2587; x_wconf 88' lang='lat' dir='ltr'>progreditur:</span> <span class='ocrx_word' id='word_1_171' title='bbox 2062 2542 2232 2573; x_wconf 92' lang='lat' dir='ltr'>canum</span> <span class='ocrx_word' id='word_1_172' title='bbox 2255 2541 2482 2574; x_wconf 86' lang='lat' dir='ltr'>veneran-</span> 
     </span>
     <span class='ocr_line' id='line_1_22' title="bbox 706 2623 2479 2686; baseline 0.001 -15"><span class='ocrx_word' id='word_1_173' title='bbox 706 2626 912 2684; x_wconf 89' lang='lat' dir='ltr'>dumque</span> <span class='ocrx_word' id='word_1_174' title='bbox 943 2630 1083 2683; x_wconf 88' lang='lat' dir='ltr'>caput</span> <span class='ocrx_word' id='word_1_175' title='bbox 1105 2623 1242 2669; x_wconf 83' lang='lat' dir='ltr'>offert</span> <span class='ocrx_word' id='word_1_176' title='bbox 1270 2624 1330 2669; x_wconf 91' lang='lat' dir='ltr'>ad</span> <span class='ocrx_word' id='word_1_177' title='bbox 1353 2624 1649 2683; x_wconf 83' lang='lat' dir='ltr'>supplicium,</span> <span class='ocrx_word' id='word_1_178' title='bbox 1672 2624 1904 2683; x_wconf 90' lang='lat' dir='ltr'>inquiens,</span> <span class='ocrx_word' id='word_1_179' title='bbox 1928 2623 1979 2670; x_wconf 89' lang='lat' dir='ltr'>Si</span> <span class='ocrx_word' id='word_1_180' title='bbox 2012 2625 2101 2671; x_wconf 90' lang='lat' dir='ltr'>hoc</span> <span class='ocrx_word' id='word_1_181' title='bbox 2134 2626 2269 2685; x_wconf 91' lang='lat' dir='ltr'>petis,</span> <span class='ocrx_word' id='word_1_182' title='bbox 2302 2633 2479 2686; x_wconf 83' lang='lat' dir='ltr'>praesto</span> 
     </span>
     <span class='ocr_line' id='line_1_23' title="bbox 704 2722 2477 2784; baseline 0.002 -16"><span class='ocrx_word' id='word_1_183' title='bbox 704 2729 788 2769; x_wconf 87' lang='lat' dir='ltr'>est.</span> <span class='ocrx_word' id='word_1_184' title='bbox 856 2722 1024 2768; x_wconf 88' lang='lat' dir='ltr'>Multis</span> <span class='ocrx_word' id='word_1_185' title='bbox 1058 2722 1238 2767; x_wconf 86' lang='lat' dir='ltr'>animos</span> <span class='ocrx_word' id='word_1_186' title='bbox 1271 2723 1422 2767; x_wconf 90' lang='lat' dir='ltr'>movit</span> <span class='ocrx_word' id='word_1_187' title='bbox 1455 2722 1515 2767; x_wconf 87' lang='lat' dir='ltr'>ad</span> <span class='ocrx_word' id='word_1_188' title='bbox 1549 2723 1774 2774; x_wconf 89' lang='lat' dir='ltr'>meliora,·</span> <span class='ocrx_word' id='word_1_189' title='bbox 1796 2728 1938 2783; x_wconf 90' lang='lat' dir='ltr'>atque</span> <span class='ocrx_word' id='word_1_190' title='bbox 1971 2724 2236 2784; x_wconf 89' lang='lat' dir='ltr'>lachrymas</span> <span class='ocrx_word' id='word_1_191' title='bbox 2271 2726 2477 2772; x_wconf 88' lang='lat' dir='ltr'>excussit</span> 
     </span>
     <span class='ocr_line' id='line_1_24' title="bbox 703 2816 2476 2884; baseline 0.002 -18"><span class='ocrx_word' id='word_1_192' title='bbox 703 2822 919 2881; x_wconf 79' lang='lat' dir='ltr'>praesulis</span> <span class='ocrx_word' id='word_1_193' title='bbox 944 2816 1153 2880; x_wconf 75' lang='lat' dir='ltr'>spectata</span> <span class='ocrx_word' id='word_1_194' title='bbox 1170 2821 1352 2866; x_wconf 87' lang='lat' dir='ltr'>virtus:</span> <span class='ocrx_word' id='word_1_195' title='bbox 1376 2835 1650 2880; x_wconf 89' lang='lat' dir='ltr'>persuasum</span> <span class='ocrx_word' id='word_1_196' title='bbox 1675 2822 1798 2875; x_wconf 90' lang='lat' dir='ltr'>inde,</span> <span class='ocrx_word' id='word_1_197' title='bbox 1815 2822 1922 2868; x_wconf 88' lang='lat' dir='ltr'>licet</span> <span class='ocrx_word' id='word_1_198' title='bbox 1939 2823 2102 2869; x_wconf 89' lang='lat' dir='ltr'>multis</span> <span class='ocrx_word' id='word_1_199' title='bbox 2120 2823 2476 2884; x_wconf 89' lang='lat' dir='ltr'>difficilibusque</span> 
     </span>
     <span class='ocr_line' id='line_1_25' title="bbox 703 2917 2476 2975; baseline 0.003 -12"><span class='ocrx_word' id='word_1_200' title='bbox 703 2918 1091 2972; x_wconf 87' lang='lat' dir='ltr'>contentionibus,</span> <span class='ocrx_word' id='word_1_201' title='bbox 1114 2917 1400 2972; x_wconf 89' lang='lat' dir='ltr'>Alexandro,</span> <span class='ocrx_word' id='word_1_202' title='bbox 1425 2925 1479 2964; x_wconf 94' lang='lat' dir='ltr'>ut</span> <span class='ocrx_word' id='word_1_203' title='bbox 1508 2934 1536 2964; x_wconf 90' lang='lat' dir='ltr'>a</span> <span class='ocrx_word' id='word_1_204' title='bbox 1559 2924 1694 2965; x_wconf 89' lang='lat' dir='ltr'>tanto</span> <span class='ocrx_word' id='word_1_205' title='bbox 1716 2921 1886 2966; x_wconf 87' lang='lat' dir='ltr'>scelere</span> <span class='ocrx_word' id='word_1_206' title='bbox 1913 2921 2198 2975; x_wconf 82' lang='lat' dir='ltr'>abstineret,</span> <span class='ocrx_word' id='word_1_207' title='bbox 2229 2936 2288 2966; x_wconf 94' lang='lat' dir='ltr'>ne</span> <span class='ocrx_word' id='word_1_208' title='bbox 2318 2922 2476 2967; x_wconf 90' lang='lat' dir='ltr'>dirum</span> 
     </span>
     <span class='ocr_line' id='line_1_26' title="bbox 701 3015 2474 3080; baseline 0.003 -20"><span class='ocrx_word' id='word_1_209' title='bbox 701 3016 815 3061; x_wconf 87' lang='lat' dir='ltr'>adeo</span> <span class='ocrx_word' id='word_1_210' title='bbox 837 3015 966 3061; x_wconf 86' lang='lat' dir='ltr'>nefas</span> <span class='ocrx_word' id='word_1_211' title='bbox 988 3018 1313 3076; x_wconf 88' lang='lat' dir='ltr'>perpetrando,</span> <span class='ocrx_word' id='word_1_212' title='bbox 1337 3031 1468 3063; x_wconf 89' lang='lat' dir='ltr'>sacro</span> <span class='ocrx_word' id='word_1_213' title='bbox 1485 3018 1723 3078; x_wconf 53' lang='lat' dir='ltr'>,sanguine</span> <span class='ocrx_word' id='word_1_214' title='bbox 1744 3019 1872 3078; x_wconf 92' lang='lat' dir='ltr'>quod</span> <span class='ocrx_word' id='word_1_215' title='bbox 1895 3015 1969 3075; x_wconf 91' lang='lat' dir='ltr'>(ea</span> <span class='ocrx_word' id='word_1_216' title='bbox 1991 3019 2042 3064; x_wconf 92' lang='lat' dir='ltr'>in</span> <span class='ocrx_word' id='word_1_217' title='bbox 2063 3021 2223 3080; x_wconf 86' lang='lat' dir='ltr'>gente)</span> <span class='ocrx_word' id='word_1_218' title='bbox 2247 3020 2474 3067; x_wconf 89' lang='lat' dir='ltr'>hactenus</span> 
     </span>
     <span class='ocr_line' id='line_1_27' title="bbox 698 3113 2474 3180; baseline 0.005 -23"><span class='ocrx_word' id='word_1_219' title='bbox 698 3119 798 3158; x_wconf 87' lang='lat' dir='ltr'>erat</span> <span class='ocrx_word' id='word_1_220' title='bbox 827 3113 1106 3167; x_wconf 89' lang='lat' dir='ltr'>inauditum,</span> <span class='ocrx_word' id='word_1_221' title='bbox 1138 3113 1259 3159; x_wconf 88' lang='lat' dir='ltr'>foede</span> <span class='ocrx_word' id='word_1_222' title='bbox 1292 3115 1407 3159; x_wconf 84' lang='lat' dir='ltr'>adeo</span> <span class='ocrx_word' id='word_1_223' title='bbox 1446 3115 1675 3173; x_wconf 89' lang='lat' dir='ltr'>pollueret</span> <span class='ocrx_word' id='word_1_224' title='bbox 1710 3129 1893 3162; x_wconf 87' lang='lat' dir='ltr'>manus.</span> <span class='ocrx_word' id='word_1_225' title='bbox 1963 3115 2188 3164; x_wconf 87' lang='lat' dir='ltr'>Pervenit</span> <span class='ocrx_word' id='word_1_226' title='bbox 2224 3118 2367 3180; x_wconf 90' lang='lat' dir='ltr'>hujus</span> <span class='ocrx_word' id='word_1_227' title='bbox 2407 3121 2474 3165; x_wconf 92' lang='lat' dir='ltr'>rei</span> 
     </span>
    </p>
   </div>
  </div>
 </body>
</html>
