2944 3906
1372 600 1434 647 89

507 802 712 843 Dominus
733 799 1052 842 GUILHELMUS
1074 800 1453 852 ELPmns'roNth,
1475 801 1772 844 Aberdonensis
1791 804 2033 858 Episcopus,
2062 811 2102 846 et
2121 806 2291 858 Colleyii

581 891 918 933 Scholasticorum
943 891 1027 932 illic
1046 891 1260 933 Institutor
1279 905 1329 933 ac
1348 892 1573 943 Patronus,
1600 893 1819 947 Colleqium
1838 908 1954 936 suum
1974 895 2204 950 alloquitur.

706 1015 709 1018 ’
737 1001 920 1044 Palladii
940 1002 1057 1053 socii,
1079 1002 1234 1059 quibus
1254 1003 1332 1045 has
1352 1003 1590 1059 legavimus
1611 1004 1737 1055 aedes,

792 1092 1005 1134 Extarent
1023 1091 1157 1134 animi
1176 1106 1272 1149 quae
1293 1099 1575 1135 monumenta
1594 1094 1694 1144 mei,

735 1182 824 1224 Vos
844 1182 958 1225 colui
978 1183 1141 1233 vivens,
1163 1182 1277 1225 inter
1297 1197 1373 1224 vos
1393 1197 1515 1225 mens
1534 1197 1631 1225 mea
1649 1183 1770 1234 vixit,

787 1274 876 1315 Vos
897 1288 1046 1315 carum
1066 1272 1170 1315 duxi
1190 1288 1356 1329 semper
1375 1273 1534 1315 habere
1554 1288 1695 1323 meos3

733 1364 792 1405 Et
811 1363 990 1406 memini
1009 1363 1142 1405 vestri
1162 1363 1326 1414 vivens‚'
1339 1369 1444 1423 ⁴post
1464 1363 1636 1419 fataque
1656 1363 1766 1405 dura

788 1454 1089 1496 Immemorem
1110 1453 1243 1496 vestri
1261 1453 1438 1496 reddere
1459 1453 1599 1495 Parca
1617 1453 1778 1509 nequit.

730 1545 789 1586 Et
808 1559 863 1587 ne
882 1544 1046 1601 aliquid
1065 1543 1203 1586 nostri
1223 1550 1417 1586 vestrum
1437 1542 1649 1600 desideret
1669 1542 1798 1593 ullus,

789 1635 915 1676 Hanc
936 1635 1126 1676 animam
1145 1634 1191 1675 in
1211 1633 1341 1684 caelis,
1364 1648 1461 1675 ossa
1479 1633 1635 1675 tenetis
1654 1633 1788 1674 humi.

730 1724 819 1773 Qui
839 1717 1087 1766 nostrorum
1107 1723 1242 1779 igitur
1263 1722 1344 1764 soli
1363 1722 1502 1764 nostri
1521 1722 1765 1773 remanetis,

786 1815 859 1857 Sic
879 1829 1113 1858 memorem
1133 1813 1266 1856 vestri
1286 1828 1354 1855 me
1374 1813 1592 1855 redamate
1606 1785 1790 1869 patrem.

1146 1945 1380 1999 Respondet
1402 1944 1634 1998 Colleqium.
1663 1927 1668 1932 ’

729 2048 868 2089 Grata
887 2046 1061 2103 quidem
1080 2046 1203 2105 nobis
1224 2058 1391 2102 semper
1410 2049 1488 2086 tua
1507 2044 1619 2086 dona
1638 2044 1828 2094 fuerunt,

784 2136 961 2178 Gratior
981 2142 1026 2178 at
1045 2135 1207 2188 vultus,
1230 2150 1385 2192 magne
1407 2134 1669 2185 Guilhelme,
1692 2142 1806 2176 tuus.

725 2227 773 2268 Si
792 2241 916 2283 prece
936 2225 1006 2268 vel
1025 2225 1163 2283 pretio
1183 2225 1283 2268 vitae
1303 2204 1556 2267 revocabilis
1577 2239 1705 2275 esses,

779 2317 842 2359 Te
861 2322 1032 2359 revocet
1051 2315 1142 2358 vita
1160 2330 1277 2357 nunc
1298 2314 1380 2357 sibi
1399 2314 1578 2370 quisque
1602 2329 1690 2356 sua.

723 2407 809 2449 Sed
828 2406 928 2463 quia
947 2420 1074 2448 nemo
1094 2411 1235 2462 potest
1255 2403 1447 2446 crudelia
1465 2403 1555 2446 fata
1573 2418 1758 2454 movere,

780 2496 969 2538 Assiduo
989 2511 1067 2553 pro
1087 2503 1130 2537 te
1150 2502 1251 2538 vota
1269 2508 1499 2552 precesque
1520 2493 1684 2536 damus.

767 2628 797 2670 J
801 2640 982 2670 oANNES
1003 2626 1132 2668 VAus
1153 2628 1198 2668 in
1217 2627 1405 2668 Laudem
1423 2626 1545 2680 hujus
1569 2625 1717 2679 Operis
1735 2630 1774 2666 et
1789 2623 1992 2668 Auctoris.

720 2727 769 2770 Si
789 2743 874 2784 qua
893 2733 1038 2770 manet
1056 2734 1200 2784 gratos
1220 2727 1386 2770 animos
1406 2727 1621 2783 librosque
1642 2725 1821 2768 disertos

775 2817 940 2869 Gloria,
962 2817 1000 2859 si
1019 2817 1192 2874 prodest
1212 2823 1439 2859 stemmata
1457 2831 1581 2859 nosse
1600 2822 1785 2873 patrum,

720 2908 853 2951 Parta
871 2908 951 2951 tibi
971 2914 1048 2959 est,
1072 2907 1235 2950 Hector
1255 2907 1410 2957 Boeoti,
1432 2905 1570 2962 gloria
1582 2904 1714 2962 jugis,

776 2998 878 3041 Uno
898 2998 972 3055 qui
991 2997 1101 3040 libro
1121 3003 1187 3039 tot
1205 2997 1313 3039 bene
1333 3002 1454 3052 gesta
1474 2995 1619 3037 refers.

642 3079 649 3081 „
714 3089 831 3145 Ergo
851 3087 1139 3131 Abberdoniae
1159 3087 1264 3129 dum
1283 3086 1402 3128 sedes
1423 3085 1552 3127 stabit
1572 3090 1615 3126 et
1634 3098 1734 3135 arae,

771 3179 889 3221 Pons
909 3185 952 3222 et
971 3177 1259 3236 gymnasium,
1281 3176 1422 3218 nobile
1443 3175 1574 3217 stabit
1593 3188 1712 3231 opus.

1293 3253 1456 3314 Τέλος.

1357 3366 1401 3398 Μ
