2944 3906
1021 443 1476 487 EPISCOPORUM
1506 445 1681 488 VITAE.
2190 449 2245 487 37

446 589 654 636 vestibus
678 590 908 650 pendulis,
923 596 971 635 et
994 591 1188 636 cortinis
1211 592 1366 637 textili
1390 607 1448 637 ex
1471 607 1603 647 auro,
1621 593 1762 647 bisso,
1780 594 1962 648 villosa,
1986 595 2231 650 undulata,

443 689 663 748 palmata.
732 686 879 733 Sellas
903 693 1084 734 veteres
1115 689 1167 734 in
1199 689 1341 736 choro
1378 687 1535 748 (stalla
1557 691 1740 751 dicunt)
1765 697 1999 738 vetustate
2022 708 2140 752 pene
2163 700 2233 739 at-

444 788 596 842 tritas,
610 785 783 846 quibus
800 788 1062 833 sacerdotes
1081 788 1142 833 ad
1156 803 1289 834 sacra
1302 789 1576 849 exequenda
1595 788 1833 843 sedebant,
1852 791 2044 836 amovit.
2069 790 2231 837 Novas

443 886 565 931 mira
594 890 696 930 arte
736 890 785 930 et
817 885 1172 944 pulchritudine
1215 887 1440 941 restituit,
1480 903 1588 933 cum
1632 887 1855 934 cathedra
1896 889 2000 948 pari
2042 895 2144 935 arte
2185 896 2232 936 et

441 982 795 1043 pulchritudine
818 984 879 1029 ad
902 985 1107 1044 episcopi
1130 999 1287 1030 usum.
1356 985 1628 1031 Pontificias
1663 987 1788 1032 aedes
1819 987 1877 1032 de
1905 988 2092 1049 integro
2121 988 2234 1033 aedi-

440 1082 600 1128 ficavit
631 1096 739 1128 cum
773 1081 987 1129 turribus
1020 1088 1068 1128 et
1098 1083 1484 1144 propugnaculis,
1515 1083 1754 1129 veteribus
1778 1084 2028 1130 demolitis.
2082 1084 2234 1130 Edin-

442 1180 584 1243 burgi
621 1178 767 1241 (quod
801 1196 856 1227 eo
889 1181 941 1226 in
975 1181 1148 1241 oppido
1181 1180 1339 1227 fuerat
1372 1182 1618 1243 educatus)
1655 1187 1820 1228 auctor
1856 1181 1966 1235 fuit,
1999 1188 2054 1228 ut
2089 1183 2235 1228 aedifi-

443 1284 664 1325 carentur
705 1279 829 1325 aedes
866 1278 1068 1338 publicae
1105 1276 1356 1339 (hospitale
1396 1280 1586 1342 vocant)
1620 1280 1681 1325 ad
1717 1294 1888 1342 egenos
1928 1281 2234 1341 accipiendos,

444 1377 631 1439 magnis
654 1378 894 1437 impensis,
930 1383 1252 1438 perpetuoque
1279 1378 1472 1424 statutis
1506 1379 1604 1424 suis
1639 1377 1908 1438 sumptibus
1942 1380 2234 1433 nutriendos,

444 1477 528 1536 qui
562 1477 787 1536 opulenta
819 1490 878 1521 ex
911 1475 1107 1521 fortuna
1137 1481 1399 1521 extremam
1432 1477 1484 1522 in
1517 1477 1790 1536 pauperiem
1824 1475 1947 1522 forte
1981 1477 2235 1537 aliquando

442 1574 756 1627 devenissent,
779 1573 993 1619 vestibus
1016 1573 1294 1633 caeterisque
1317 1574 1378 1619 ad
1391 1574 1507 1620 vitae
1531 1575 1855 1620 necessitatem
1871 1576 2009 1630 datis,
2026 1576 2232 1622 tributis.

443 1671 680 1732 Impensae
703 1686 763 1718 ex
793 1672 922 1734 agris
957 1672 1010 1718 in
1033 1672 1225 1727 vicinia,
1259 1687 1378 1733 quos
1412 1673 1596 1735 ingenti
1630 1674 1830 1732 pecunia
1864 1679 2234 1733 comparaverat,

444 1773 746 1832 proveniunt.
815 1771 1032 1818 Tandem
1068 1771 1281 1818 Thomas
1304 1777 1478 1827 noster,
1507 1773 1685 1833 praesul
1718 1787 1904 1832 semper
1926 1773 2235 1826 veneranduS,

447 1885 583 1917 carus
597 1870 715 1924 Deo,
733 1877 781 1917 et
795 1871 852 1917 de
866 1870 1141 1917 hominibus
1157 1865 1274 1916 bene
1291 1871 1506 1925 meritus,
1523 1871 1607 1931 qui
1622 1870 1974 1917 incredibilibus
1998 1870 2236 1916 laboribus

446 1970 682 2031 principes
700 1975 747 2016 et
765 1970 967 2032 majores
989 1970 1136 2032 hujus
1159 1970 1427 2030 praesertim
1445 1970 1580 2031 regni
1598 1970 1814 2015 concordi
1831 1983 1945 2030 pace
1961 1969 2236 2022 retinuerat,

448 2083 558 2115 suos
585 2068 721 2115 bonis
752 2070 1026 2115 instituerat
1059 2068 1286 2123 moribus,
1318 2083 1480 2114 omnes
1504 2082 1617 2113 vero
1647 2067 1707 2113 ad
1730 2068 1959 2113 virtutem
1989 2072 2037 2113 et
2066 2066 2238 2112 sancti-

448 2168 657 2214 moniam
698 2182 785 2214 suo
821 2169 1036 2227 exemplo
1069 2167 1364 2220 incitaverat,
1405 2165 1707 2226 pontificatus
1742 2166 1817 2211 sui
1857 2179 1983 2212 anno
2017 2165 2239 2210 vicesimo

449 2267 619 2327 primo,
641 2266 674 2312 J
675 2267 807 2313 acobi
832 2265 987 2312 Tertii
1010 2265 1248 2318 vicesimo,
1272 2269 1320 2310 et
1342 2263 1629 2309 Christianae
1661 2263 1827 2309 salutis
1850 2262 2102 2308 millesimo
2124 2277 2241 2323 qua·
2250 2267 2312 2315 A,
2330 2267 2390 2315 D,
2418 2270 2558 2313 1480,

450 2366 822 2428 dringentesimo
832 2364 1138 2426 octogesimo,
1153 2361 1424 2424 Edinburgi
1442 2362 1646 2408 moritur
1662 2375 1741 2407 xv.
1759 2361 1835 2407 die
1851 2360 2027 2406 mensis
2040 2358 2238 2420 Aprilis.

451 2464 702 2518 Postridie,
727 2479 838 2526 rege
864 2468 1113 2524 praesente,
1146 2476 1229 2508 sex
1253 2461 1496 2522 episcopis,
1523 2461 1688 2507 multis
1722 2474 1830 2506 cum
1861 2458 2114 2512 nobilibuS,
2136 2459 2240 2520 ejus

450 2563 595 2609 funus
618 2563 788 2609 celebri
822 2577 999 2623 pompa
1020 2566 1093 2607 est
1115 2561 1308 2615 elatum,
1332 2564 1475 2620 atque
1499 2559 1550 2606 in
1572 2559 1750 2619 templo
1773 2557 1960 2605 Sanctae
1984 2556 2238 2605 Trinitatis

452 2661 651 2723 Collegii
669 2661 873 2723 Reginae
898 2661 1150 2721 sepultum.

520 2858 578 2904 In
613 2857 817 2904 Thomae
848 2859 1019 2912 locum,
1056 2856 1422 2903 ROBERTUS
1461 2853 1856 2909 BLAKATAR,
1890 2855 1943 2901 in
1979 2853 2152 2899 divinis
2188 2859 2236 2899 et

453 2956 675 3003 humanis
697 2956 848 3002 literis
867 2956 1095 3009 eruditus,
1127 2955 1301 3001 summi
1328 2953 1563 3014 pontificis
1594 2953 1875 2999 auctoritate
1901 2959 2088 2997 creatur
2116 2951 2236 3011 epis-

454 3069 612 3115 copus.
681 3054 772 3101 Vir
803 3053 985 3116 familia
1022 3053 1210 3108 nobilis,
1245 3052 1408 3115 magni
1444 3057 1492 3098 et
1527 3051 1785 3098 constantis
1819 3050 1981 3105 animi,
2015 3050 2106 3111 qui
2132 3055 2237 3096 tum
