2944 3906
976 535 1431 580 EPISCOPORUM
1460 536 1637 578 VITAE.
2151 539 2201 578 51

416 666 603 751 litabat)
628 688 968 746 Scotorumque
999 686 1135 748 regni
1170 686 1321 731 salute
1354 690 1567 746 rogasset
1595 684 1998 745 cognovissetque,
2030 686 2096 731 eis
2131 700 2203 731 re-

415 787 688 838 ferentibuS,
720 783 752 829 J
754 784 952 830 acobum
976 784 1275 838 incolumem,
1307 798 1509 845 regnum
1532 783 1575 828 ei
1598 781 1797 827 feliciter
1820 782 2098 837 stabilitum,
2122 799 2204 844 ga-

413 887 542 931 visus
587 883 851 943 plurimum
894 889 1036 943 atque
1075 883 1360 944 gratulatus,
1395 881 1665 927 concionem
1703 881 1859 926 solvit.
1929 879 2063 940 Ipsos
2102 896 2204 927 ora-

410 989 550 1036 tores,
589 982 641 1027 in
683 983 865 1043 regiam
904 982 1149 1036 inductos,
1183 981 1466 1040 affectosque
1502 981 1634 1025 vario
1671 979 1864 1025 honoris
1904 994 2089 1040 genere,
2131 994 2205 1024 re-

407 1081 594 1143 galibus
633 1081 846 1126 admovit
877 1080 1122 1126 conviviis.
1192 1079 1429 1125 Postridie
1464 1077 1758 1123 Francorum
1792 1084 1984 1137 patrum
2014 1078 2201 1138 publico

406 1180 606 1233 decreto,
647 1179 816 1241 legatis
851 1194 910 1224 ex
944 1178 1180 1225 sententia
1219 1191 1499 1237 responsum
1525 1193 1534 1221 :
1582 1177 1769 1237 magnis
1808 1177 1917 1221 inde
1951 1177 2082 1237 regia
2115 1193 2201 1237 pro

407 1278 641 1339 dignitate
668 1278 832 1323 donati
859 1276 1137 1322 muneribus
1167 1276 1350 1321 dimissi
1376 1291 1405 1320 a
1427 1275 1682 1328 Lodovico,
1712 1275 1763 1319 in
1791 1275 1995 1333 patriam
2020 1275 2202 1335 aliquot

407 1381 516 1435 post
554 1390 739 1421 menses
777 1381 891 1421 sunt
926 1375 1119 1420 reversi.
1188 1373 1455 1419 Defunctus
1495 1373 1585 1418 hoc
1621 1380 1759 1431 pacto
1794 1374 2044 1434 legatione,
2070 1373 2202 1419 'Wil-

405 1475 606 1528 helmus,
630 1474 690 1520 ob
712 1489 786 1519 res
810 1473 1009 1519 feliciter
1037 1478 1209 1534 gestas,
1241 1473 1344 1533 regi
1375 1472 1528 1516 carior
1555 1470 1723 1524 factus,
1758 1471 1887 1516 haud
1917 1473 2069 1517 multo
2092 1479 2200 1532 post

405 1578 617 1631 tempore
641 1572 906 1623 Rossensis,
930 1571 1031 1629 ipse
1054 1583 1291 1622 recusans,
1315 1569 1583 1613 declaratur
1606 1569 1864 1627 episcopus.
1901 1569 2116 1630 Cumque
2140 1571 2200 1616 ab

403 1669 566 1714 amicis
600 1669 925 1728 increparetur
962 1667 1090 1727 quod
1125 1667 1435 1726 episcopalem
1470 1671 1732 1711 recusasset
1765 1666 2062 1726 dignitatem,
2087 1667 2199 1714 Non

403 1764 597 1829 (inquit)
624 1767 810 1812 Rossiae
845 1767 976 1812 sedes
1010 1765 1146 1811 nobis
1181 1764 1361 1818 futura,
1386 1765 1468 1809 sed
1501 1764 1585 1809 ubi
1619 1763 1712 1809 Dei
1743 1764 1963 1825 genetrix
1996 1763 2199 1824 patrona

404 1867 550 1911 deave
585 1866 835 1919 tutelaris3
883 1865 944 1910 ad
977 1865 1027 1909 id
1061 1864 1189 1924 quod
1226 1878 1345 1923 puer
1383 1878 1468 1922 per
1504 1863 1712 1922 quietem
1747 1863 1932 1908 viderat
1970 1864 2197 1910 alludens.

404 1964 666 2010 Adhibitus
704 1970 776 2010 est
812 1963 982 2008 exinde
1022 1963 1148 2024 regis
1185 1960 1512 2007 secretioribus
1551 1961 1771 2013 consiliis,
1800 1961 2123 2021 creditumque
2155 1963 2197 2007 ei

404 2064 520 2131 adeo
561 2069 616 2108 ut
651 2063 753 2123 ejus
800 2062 1022 2122 auspiciis
1063 2066 1205 2122 atque
1242 2061 1478 2106 sententia
1516 2074 1635 2118 pene
1673 2058 1833 2104 omnia
1867 2059 2003 2120 regni
2043 2061 2195 2121 magis

402 2162 551 2207 ardua
594 2161 788 2222 negotia
833 2164 1165 2205 tractarentur.
1236 2157 1453 2217 Cumque
1501 2157 1576 2202 his
1622 2156 1763 2202 rebus
1809 2157 2092 2202 redderetur
2127 2156 2198 2203 fa-

402 2259 632 2310 miliarior
665 2259 782 2319 regi,
818 2258 968 2303 suasit
1001 2257 1196 2302 libidine
1230 2255 1489 2301 abstineret
1523 2260 1571 2300 et
1605 2254 1820 2307 avaritia,
1850 2254 2034 2314 'quibus'
2062 2257 2195 2300 nulla

401 2358 646 2418 capitalior
685 2357 830 2416 pestis
873 2355 1065 2417 regibus
1102 2356 1245 2409 data3
1297 2359 1559 2413 raptorum·
1581 2352 1903 2414 grassantium
1939 2366 2024 2411 per
2053 2367 2192 2414 agros

402 2456 887 2516 depopulatorumque
911 2459 1090 2499 arceret
1113 2453 1212 2498 vim
1238 2450 1330 2510 (his
1359 2452 1486 2497 enim
1509 2456 1612 2496 tum
1636 2450 1804 2509 bellici·
1825 2451 2060 2497 tumultus
2085 2451 2192 2497 reli-

402 2556 525 2615 quiis
548 2556 680 2615 regio
704 2553 987 2606 exundabat,
1012 2552 1222 2597 maximo
1245 2551 1460 2596 omnium
1482 2549 1827 2608 incommodo);
1853 2549 1967 2595 satis
1985 2550 2046 2595 ad
2068 2551 2193 2612 regi-

403 2667 487 2698 um
511 2652 806 2711 splendorem
826 2652 1083 2697 conducere
1101 2650 1229 2710 quod
1253 2648 1583 2709 Margaritam,
1602 2647 1913 2693 castissimam
1931 2646 2190 2702 foeminam,

401 2750 593 2812 regibus
616 2754 915 2810 prognatam,
943 2745 1210 2793 foecundam
1233 2748 1363 2806 prole
1389 2743 1503 2803 (tres
1527 2745 1655 2791 enim
1677 2745 1797 2790 filios
1821 2760 1881 2790 ex
1903 2759 1958 2790 ea
1979 2759 2190 2804 suscepe-

400 2849 495 2909 rat)
514 2862 598 2893 rex
620 2861 708 2906 pro
724 2846 924 2908 genialis
942 2845 1067 2890 thori
1088 2849 1302 2889 consorte
1326 2843 1533 2889 haberet.
1588 2842 1800 2888 Barones
1819 2857 1930 2887 vero
1944 2838 2028 2899 (sic
2045 2842 2187 2901 primi

401 2945 607 2993 nominis
649 2949 839 2989 auratos
879 2956 1102 2988 vocamus
1137 2941 1337 3001 equites)
1377 2939 1583 2986 fortunis
1619 2942 1882 3000 opulentos,
1930 2940 2031 2999 qui
2058 2940 2186 2986 domi

400 3049 447 3089 et
470 3043 655 3088 militiae
678 3040 950 3101 reipublicae
985 3039 1188 3101 negotiis
1223 3043 1415 3098 possent
1448 3038 1716 3099 suffragari,
1750 3038 1947 3097 proinde
1980 3036 2184 3096 plebeios

401 3140 531 3187 omni
554 3140 613 3185 ab
636 3140 814 3201 injuria
835 3143 1088 3192 tutaretur,
1116 3137 1223 3197 pius
1247 3137 1298 3182 in
1321 3137 1461 3181 deum
1486 3136 1697 3190 viveret,¹
1717 3135 1979 3181 clementiae
2002 3149 2186 3198 semper
