2944 3906
676 540 731 579 56
1306 527 1850 575 ABERDONENSIUM

680 681 753 740 (ut
773 681 1034 744 ferebatur)
1058 681 1109 728 in
1139 679 1347 727 Scotiam
1370 696 1396 727 e
1420 678 1650 726 Flandria
1671 677 1837 724 multis
1860 676 2006 737 copiis
2031 676 2232 738 trajecit,
2255 679 2467 726 terrestri

677 782 787 827 inde
810 781 994 835 itinere,
1023 778 1056 826 J
1057 779 1201 826 aoobo
1223 778 1466 839 suppetias
1488 777 1684 830 ferente,
1706 773 1932 837 Angliam
1958 775 2210 835 petiturus,
2233 777 2293 821 ad
2315 783 2470 836 pater.

676 894 793 926 num
816 893 1018 942 regnum
1041 877 1102 924 ab
1126 876 1334 923 Henrico
1367 873 1427 933 (is
1459 882 1564 922 tum
1588 872 1860 936 Anglorum
1891 887 1992 919 rem
2023 873 2233 935 tenebat)
2256 882 2470 935 repeten.

676 979 806 1024 dum.
872 976 905 1022 J
906 976 1078 1023 acobus
1111 989 1209 1021 non
1241 974 1376 1036 prius
1411 974 1748 1020 adventantem
1782 971 1960 1031 recepit
1998 971 2050 1017 in
2088 986 2291 1034 regnum
2324 989 2467 1035 quam

679 1074 919 1121 Henricus
942 1073 1192 1121 Scotorum
1209 1072 1410 1126 feciales,
1434 1071 1622 1132 publico
1644 1070 1854 1124 consilio,
1877 1069 2058 1116 ablatas
2080 1085 2155 1116 res
2179 1076 2322 1132 atque
2344 1073 2470 1135 inju-

675 1174 855 1220 riarum
879 1173 1227 1234 reparationem
1245 1186 1304 1217 ex
1322 1170 1498 1217 foedere
1514 1174 1827 1230 reposcentes,
1844 1169 1985 1228 plane
2001 1167 2159 1214 fuerat
2174 1178 2467 1229 aspernatus.

675 1271 734 1318 Id
757 1272 867 1318 belli
890 1272 1015 1317 inter
1036 1271 1235 1331 populos
1258 1270 1493 1330 posterius
1510 1268 1635 1330 gesti
1655 1281 1799 1313 causa
1820 1267 2058 1312 extiterat.
2111 1265 2350 1315 Henricus
2373 1270 2468 1316 bel-

674 1371 775 1416 lum
791 1371 895 1432 jam
917 1375 1032 1416 tunc
1054 1367 1369 1414 necessarium
1387 1366 1609 1420 sentiens,
1633 1370 1690 1411 ut
1711 1364 1982 1426 providenti
2003 1379 2191 1425 semper
2211 1373 2315 1413 erat
2337 1368 2469 1431 inge·

678 1468 773 1521 nio,
808 1468 1058 1529 sexaginta
1079 1467 1251 1512 celoces
1275 1471 1323 1511 et
1344 1464 1663 1527 quadraginta
1685 1463 1924 1509 onerarias
1948 1477 2109 1518 naves,
2142 1466 2296 1512 multo
2317 1467 2469 1514 milite

674 1566 896 1627 omnique
918 1565 1084 1612 bellico
1106 1569 1354 1626 apparatu,
1384 1564 1435 1609 in
1459 1562 1723 1609 Fortheum
1743 1559 1986 1620 (aestuario
2003 1577 2176 1608 nomen
2190 1566 2281 1626 est)
2301 1566 2468 1621 mittit,

674 1680 784 1725 quae
818 1663 1068 1711 Scotorum
1091 1677 1198 1709 oras
1221 1663 1495 1715 lustrarent,
1529 1667 1586 1708 ut
1617 1660 1760 1715 Senti,
1783 1659 2098 1722 Anglicarum
2121 1663 2363 1722 copiarum
2387 1679 2467 1710 ex-

674 1763 1000 1823 ponendarum
1022 1761 1334 1823 prohibitioni
1367 1760 1555 1814 intenti,
1587 1765 1748 1806 coacto
1781 1759 1992 1805 exercitu
2024 1760 2076 1805 in
2098 1758 2328 1822 Angliam
2359 1777 2467 1822 pro-

672 1861 815 1908 ficisci
849 1860 985 1907 facile
1023 1874 1120 1906 non
1159 1864 1351 1920 possent
1371 1870 1383 1904 ε
1419 1858 1521 1919 ipse
1553 1857 1763 1904 Londini
1801 1871 1911 1904 cum
1949 1859 2087 1920 regni
2120 1859 2382 1921 majoribus
2416 1876 2467 1908 se

673 1960 921 2014 continuit,
943 1959 1261 2020 periculosum
1278 1972 1471 2004 censens
1494 1956 1671 2003 bellum
1694 1956 1855 2017 potius
1877 1956 2134 2016 prudentia
2150 1972 2295 2017 quam
2318 1960 2464 2006 armis

672 2059 947 2121 gerendum,
980 2057 1203 2117 haudque
1235 2056 1462 2118 ignorans
1489 2070 1586 2116 quo
1612 2055 1773 2101 animo
1795 2053 2068 2117 Anglorum
2099 2057 2363 2116 complures
2393 2072 2465 2105 es-

673 2164 779 2205 sent
800 2160 854 2205 in
874 2157 1175 2211 Eduardum,
1199 2171 1344 2217 quam
1373 2169 1610 2202 novarum
1638 2169 1800 2201 rerum
1829 2159 2119 2215 appetentes,
2148 2170 2293 2216 quam
2315 2156 2464 2204 facili-

673 2257 762 2303 bus
795 2256 1001 2319 ingeniis
1034 2256 1096 2302 ad
1127 2260 1328 2301 motum.
1398 2253 1528 2300 Huic
1560 2253 1697 2308 bello,
1731 2252 1864 2299 dubii
1889 2250 1964 2312 (ut
1994 2253 2263 2316 videbatur)
2290 2256 2463 2311 exitus,

674 2360 985 2416 posteaquam
1019 2362 1222 2414 uterque
1251 2353 1456 2414 populus
1486 2353 1641 2399 multa
1672 2351 1985 2407 incommoda,
2007 2357 2056 2398 et
2089 2334 2393 2401 terrestribus
2415 2360 2465 2400 et

676 2453 929 2500 maritimis
962 2453 1139 2515 pugnis
1171 2451 1329 2498 fuerat
1361 2457 1599 2512 expertus,
1632 2456 1689 2497 ut
1721 2450 1864 2496 finem
1896 2450 2208 2510 imponerent,
2239 2465 2463 2511 reparan-

674 2552 842 2597 darum
865 2551 1151 2613 injuriarum
1174 2551 1371 2597 modum
1397 2550 1541 2595 simul
1563 2555 1611 2595 et
1633 2549 1761 2609 pacis
1783 2548 2074 2595 conditiones
2097 2548 2320 2603 dicerent,
2342 2564 2461 2596 non-

674 2650 793 2696 nulli
827 2649 995 2695 arbitri
1029 2650 1196 2695 delecti
1226 2663 1286 2695 ex
1307 2646 1497 2710 AninS,
1530 2648 1748 2694 nonnulli
1781 2662 1842 2694 ex
1873 2647 2064 2702 nostris,
2098 2662 2303 2708 quorum
2337 2663 2461 2709 prae-

674 2748 841 2808 cipuus
864 2747 1165 2794 Wilhelmus.
1237 2745 1321 2800 Hi,
1349 2745 1590 2792 Melrosiae
1613 2746 1834 2792 concione
1855 2744 1996 2800 facta,
2017 2745 2101 2792 ubi
2125 2746 2255 2792 varie
2277 2748 2462 2794 oonsul-

675 2852 831 2893 tatum
853 2845 1026 2899 fuerat,
1061 2845 1393 2905 variatumque
1423 2844 1682 2904 plurimum
1717 2844 1978 2898 sententiis,
2013 2843 2354 2904 videbaturque
2383 2858 2459 2891 res

675 2943 849 2991 infecta
874 2943 1198 3005 relinquenda,
1227 2943 1288 2988 ad
1304 2941 1618 2988 Wilhelmum
1640 2942 1780 2997 itum,
1802 2942 1931 2988 hunc
1952 2942 2212 3003 respiciunt
2232 2942 2458 2999 universi,

676 3056 785 3087 eum
802 3057 953 3088 unum
969 3043 1148 3096 dicunt,
1171 3041 1255 3102 qui
1277 3040 1410 3087 litem
1433 3045 1591 3100 posset
1613 3054 1906 3100 componere,
1923 3046 1973 3086 et
1995 3045 2245 3099 utramque
2265 3047 2455 3100 gentem

677 3139 814 3186 alteri
837 3139 1013 3186 efficere
1035 3140 1341 3193 concordem;
1365 3143 1414 3185 et
1429 3151 1556 3192 mox,
1578 3143 1634 3184 ut
1656 3137 1894 3184 liberalem
1918 3137 2123 3183 hominis
2138 3138 2325 3183 vultum
2349 3153 2457 3187 con-
