2944 3906
1055 492 1509 537 EPISCOPORUM
1538 493 1713 537 VITAE.
2225 496 2279 535 6⁹7

495 642 699 695 ornavit,
733 640 879 687 sacris
907 640 1118 687 vestibus
1153 656 1212 687 ex
1247 656 1364 688 auro
1396 641 1551 688 textili
1585 647 1633 687 et
1666 640 1886 687 candenti
1920 640 2060 702 bysso
2091 639 2280 702 (cappas

493 740 676 801 dicunt)
699 737 882 785 duabus
906 739 1041 786 tiaris
1066 736 1240 798 (mitris
1258 740 1516 803 vulgatiori
1531 739 1778 800 vocabulo)
1798 740 1858 785 ad
1880 739 2114 799 pontificis
2138 753 2279 786 usum

490 839 542 884 in
572 836 749 891 sacris;
786 839 935 893 altera
964 839 1120 884 textili
1153 853 1285 893 auro,
1319 840 1469 885 altera
1495 839 1705 900 palmata
1725 838 1882 898 bysso,
1918 839 2135 885 candenti
2158 854 2283 885 mar-

488 936 672 998 garitiS,
695 941 743 982 et
765 937 966 998 gemmis
990 938 1184 983 consita.
1223 937 1398 984 Tertiae
1420 938 1572 992 tiarae,
1594 952 1699 998 quae
1720 938 1897 983 multos
1920 937 2093 983 abhinc
2116 934 2279 992 annos,

494 1034 650 1094 operis
674 1039 722 1080 et
744 1035 959 1081 materiae
981 1036 1270 1090 excellentia,
1292 1050 1468 1097 magno
1483 1034 1641 1082 fuerat
1663 1036 1714 1082 in
1735 1036 1902 1096 pretio,
1925 1050 2135 1097 gemmas
2159 1050 2284 1082 com-

488 1134 648 1194 plures
671 1148 900 1195 generum
922 1134 1218 1180 diversorum
1246 1134 1443 1188 addidit,
1478 1148 1595 1180 auro
1626 1139 1769 1194 atque
1800 1140 1998 1196 argento
2028 1140 2280 1181 consertas.

489 1232 688 1278 Turrim
717 1234 992 1287 maximam,
1024 1247 1169 1293 quam
1196 1232 1433 1278 Henricus
1469 1228 1543 1290 (ut
1577 1232 1670 1277 alio
1703 1232 1805 1278 loco
1839 1238 1911 1278 est
1944 1233 2281 1294 significatum)

488 1332 682 1392 reliquit
705 1331 1045 1392 imperfectam,
1069 1331 1417 1378 consummavit
1436 1344 1449 1385 ;
1485 1345 1645 1391 quam,
1668 1331 1812 1376 simul
1834 1345 1943 1376 cum
1967 1336 2069 1377 toto
2091 1333 2282 1392 templo,

487 1430 684 1491 plumbo
701 1431 888 1490 operuit
908 1442 919 1475 ε
956 1431 1008 1476 in
1026 1445 1082 1476 ea
1099 1430 1223 1476 turri
1240 1443 1480 1489 campanae
1496 1434 1608 1484 tres,
1626 1429 1871 1475 duodecim
1889 1429 2092 1474 millium
2111 1430 2282 1489 pondo,

487 1529 736 1575 Wilhehni
759 1543 902 1589 opera
923 1534 972 1574 et
994 1529 1221 1588 impensis
1249 1533 1548 1587 comparatae.
1618 1527 1753 1588 Opus
1778 1527 1887 1573 inde
1909 1542 2007 1573 non
2029 1525 2281 1574 minimum

486 1633 559 1673 est
572 1641 840 1689 aggressus,
854 1626 986 1672 chori
1001 1626 1202 1672 basilicae
1214 1624 1568 1672 Aberdonensis
1583 1626 1914 1671 conditionem.
1949 1624 2042 1672 Est
2055 1626 2096 1672 is
2111 1626 2281 1673 chorus

486 1740 628 1786 quem
651 1740 681 1771 a
705 1725 918 1772 Roberto
940 1739 1051 1786 rege
1074 1706 1375 1779 aedificatum,
1399 1725 1492 1770 alio
1514 1725 1616 1770 loco
1639 1724 1878 1770 memoriae
1900 1724 2130 1779 dedimus,
2153 1725 2283 1771 haud

486 1825 572 1870 tali
589 1825 754 1870 decore
772 1830 820 1870 et
837 1823 1166 1885 magnitudine
1184 1824 1374 1883 qualem
1396 1828 1533 1868 tanta
1555 1823 1765 1882 exposcit
1788 1823 2009 1878 ecclesia3
2034 1829 2283 1884 propterea

485 1923 685 1969 honesto
703 1928 751 1968 et
769 1922 1119 1968 immortalitati
1137 1922 1400 1975 consulens,
1418 1921 1502 1980 qui
1520 1920 1832 1980 amplitudine
1849 1919 1992 1981 atque
2008 1923 2282 1981 praestantia

485 2022 718 2082 templum
752 2021 851 2067 suis
885 2020 946 2067 ab
981 2017 1354 2067 antecessoribus
1384 2018 1628 2066 conditum
1656 2024 1883 2079 aequaret,
1915 2019 2123 2072 chorum,
2140 2021 2282 2081 coepit

483 2118 723 2165 aedificare.
792 2118 885 2165 Sed
914 2134 974 2165 ne
1004 2120 1108 2179 ipso
1138 2118 1354 2164 fortassis
1388 2118 1558 2171 soluto,
1593 2132 1711 2178 opus
1746 2117 2016 2164 differretur
2047 2119 2109 2164 ad
2138 2119 2280 2166 finem

483 2232 634 2279 usque
656 2218 868 2278 produci,
898 2217 1029 2264 haud
1055 2217 1189 2277 prius
1213 2222 1350 2262 vetus
1386 2215 1633 2262 aedificium
1663 2216 1842 2276 placuit
1873 2216 2104 2272 demoliri,
2137 2233 2281 2278 quam

482 2322 752 2377 praeparata
772 2315 944 2370 forent,
967 2330 1072 2376 quae
1095 2316 1156 2361 ad
1174 2314 1287 2361 novi
1311 2314 1466 2375 operis
1489 2314 1747 2360 attinerent
1768 2313 2118 2374 perfectionem.
2175 2316 2282 2367 Cal-

482 2417 547 2462 cis
579 2416 752 2462 idcirco
782 2415 1015 2461 maximos
1048 2428 1255 2468 acervos,
1287 2414 1466 2474 lapides
1489 2413 1880 2474 quamplurimOS,
1915 2419 1963 2459 et
1996 2403 2283 2474 apparatum·

481 2516 689 2562 multum
715 2515 936 2577 gnaviter
959 2514 1273 2576 aggregavit3
1308 2514 1525 2575 latomos,
1547 2511 1722 2566 fabrOS,
1744 2512 2070 2559 caementarios
2101 2514 2277 2573 peritos

481 2614 670 2675 delegit,
705 2613 766 2658 ad
787 2612 1016 2660 fabricam
1050 2619 1122 2658 est
1155 2612 1388 2658 hortatus.
1455 2610 1597 2656 Unde
1627 2610 1757 2656 haud
1790 2611 1964 2673 exigua
1994 2610 2125 2656 chori
2154 2626 2278 2672 pars,

481 2711 761 2771 priusquam
777 2711 879 2757 vita
901 2711 1158 2765 excederet,
1182 2715 1255 2757 est
1277 2710 1516 2757 aedificata.
1560 2708 1636 2755 Eo
1658 2708 1756 2755 fere
1778 2709 2004 2770 temporis
2023 2709 2277 2756 Eduardus

482 2808 799 2855 Orchadensis
827 2808 1087 2868 episcopus,
1117 2809 1202 2869 qui
1232 2815 1339 2855 tum
1361 2807 1650 2854 Aberdoniae
1681 2808 2037 2868 disciplinarum
2066 2810 2277 2856 excolen-

479 2908 650 2954 darum
673 2921 815 2953 causa
836 2906 1021 2969 agebat,
1055 2906 1240 2968 collegii
1270 2905 1436 2966 templi
1468 2902 1623 2967 (cujus
1653 2907 1796 2966 paulo
1819 2911 1929 2952 ante
1952 2911 2024 2952 est
2046 2919 2277 2954 memora-

479 3007 603 3068 tum)
627 3006 791 3052 multis
804 3007 859 3052 'et
875 3005 967 3066 piis
983 3004 1335 3066 precationibus
1351 3000 1435 3061 ‚(ut
1450 3002 1553 3050 fieri
1571 3003 1708 3065 solet)
1729 3003 2069 3051 dedicationem
2092 3007 2274 3053 solenni

478 3105 662 3168 peregit
675 3110 908 3167 apparatu
924 3118 938 3161 ;
963 3104 1053 3159 vir,
1071 3103 1131 3152 ob
1148 3103 1412 3151 doctrinam
1436 3107 1484 3149 et
1502 3101 1613 3149 vitae
1629 3101 1969 3165 integritatem,
1987 3103 2048 3150 ad
2060 3118 2272 3153 summos
