2944 3906
678 466 735 507 58
1299 460 1847 505 ABERDONENSIUM

673 617 854 674 gratus.
923 609 1091 671 Neque
1122 610 1228 657 haec
1257 612 1342 658 diu
1371 612 1645 657 continuata
1677 625 1787 657 cum
1820 608 2039 657 omnibus
2062 610 2232 672 gratia,
2266 610 2336 657 rei
2369 612 2468 659 cui-

673 723 816 770 quam
857 715 1179 770 praeterquam
1227 710 1520 756 admirandae
1561 709 1731 756 virtuti
1771 708 1883 771 jure
1926 708 2192 756 tribuenda.
2278 708 2468 757 Mendi-

670 813 803 854 catus
836 808 965 855 enim
997 807 1136 855 favor
1167 807 1311 854 unius
1345 807 1552 853 hominis
1587 805 1884 867 improbitati
1911 806 2110 868 junctus
2143 821 2244 854 esse
2273 813 2463 868 potest3

667 912 889 952 constans
920 920 1032 952 vero
1065 912 1113 952 et
1146 919 1452 966 perseverans
1475 904 1805 951 benevolentia
1832 919 1943 951 cum
1971 905 2136 951 multis
2161 902 2333 967 (qualis
2360 913 2462 953 erat

668 1003 936 1065 Wilhelmi)
960 1019 1046 1050 nec
1065 1010 1263 1064 paratur
1279 1004 1381 1050 sine
1398 1003 1644 1050 excellenti
1662 1003 1856 1058 virtute,
1878 1018 1965 1050 nec
1980 1009 2120 1064 parta
2140 1011 2461 1052 conservatur.

666 1101 800 1156 Mox,
824 1108 880 1149 ut
897 1103 1058 1149 omnia
1075 1109 1211 1149 erant
1234 1103 1508 1163 tranquilla,
1525 1102 1700 1149 sedatis
1717 1100 1852 1148 bellis
1869 1107 1918 1149 et
1938 1102 2178 1149 intestinis
2201 1109 2250 1150 et
2271 1105 2460 1159 exteris,

665 1199 953 1248 Wilhelmus
985 1202 1046 1248 ad
1069 1201 1240 1262 patriae
1263 1206 1599 1248 ornamentum
1621 1206 1693 1247 est
1714 1214 1984 1247 conversus.
2051 1199 2300 1247 Scotorum
2331 1203 2459 1249 enim

663 1313 865 1362 regnum
888 1301 940 1346 in
963 1306 1060 1346 tres
1083 1306 1241 1360 partes
1263 1300 1496 1346 scinditur
1518 1311 1530 1343 z
1563 1299 1737 1344 harum
1758 1298 2220 1358 septentrionariam,
2248 1304 2307 1345 ut
2335 1313 2460 1347 com-‘-

663 1398 858 1443 modum
875 1399 1045 1458 patriae
1064 1398 1254 1443 afferret
1265 1403 1408 1457 atque
1422 1396 1580 1450 decus,
1594 1396 1799 1457 sumpsit
1812 1395 2150 1450 decorandam;
2167 1394 2459 1445 Aberdom‘ae

660 1496 925 1542 studiorum
952 1495 1185 1542 bonorum
1208 1495 1514 1558 gymnasium
1537 1493 1750 1542 condidit
1770 1494 2004 1556 generale,
2027 1493 2110 1541 ubi
2132 1495 2264 1541 omni
2285 1510 2458 1558 genere

661 1594 922 1654 disciplinae
957 1595 1133 1641 eruditi
1163 1594 1514 1655 profiterentur.
1581 1592 1879 1654 Jampridem
1912 1593 1965 1639 in
2004 1594 2201 1654 reliquis
2239 1594 2456 1654 partibus

661 1693 836 1740 scholae
853 1693 1044 1740 fuerant
1065 1694 1302 1740 institutae
1325 1693 1649 1747 universales3
1678 1692 1829 1738 altera
1850 1690 2174 1754 Glasguensis,
2196 1691 2456 1741 Wilhehuo

660 1790 896 1838 Dursdeir
917 1792 1135 1852 episcopo
1157 1797 1382 1846 auctore3
1417 1791 1581 1845 altera,
1613 1789 1765 1836 literis
1796 1795 1845 1836 et
1874 1790 2141 1836 eruditione
2161 1791 2455 1850 percelebris,

660 1889 822 1936 Sancti
840 1889 1065 1944 Andreae,
1084 1889 1282 1936 Henrici
1301 1888 1563 1944 Wardlaw,
1584 1889 1675 1936 loci
1697 1888 1942 1942 antistitis,
1964 1903 2108 1948 opera
2130 1894 2178 1935 et
2199 1889 2455 1950 impensis:

659 1986 743 2034 ubi
757 1983 895 2034 ‘viros
922 1989 1165 2049 praecipua
1194 1988 1410 2035 doctrina
1443 1988 1652 2034 vidimus
1685 1986 1911 2049 insigneS,
1934 1986 2199 2034 Robertum
2224 1987 2454 2044 Kethum,

659 2084 692 2130 J
693 2100 895 2132 oannem
940 2085 1238 2139 Liestonum‚
1291 2085 1550 2148 Hugonem
1594 2085 1846 2146 Spensum,
1892 2085 2138 2132 Andream
2185 2086 2454 2143 Rusalium,

660 2182 898 2230 Thomam
931 2183 1233 2238 Ramusium,
1255 2183 1469 2231 Alanum
1504 2183 1761 2239 Meldrum‚
1789 2198 2030 2230 sacrarum
2066 2185 2314 2232 literarum
2348 2201 2456 2247 pro-

658 2281 872 2336 fessores,
889 2282 1100 2329 eruditos
1118 2283 1393 2338 admodum,
1407 2282 1723 2330 Wilhelmum
1740 2281 1986 2338 Gundum,
2004 2282 2037 2329 J
2038 2298 2240 2331 oannem
2255 2283 2457 2332 Annan-

656 2380 763 2434 diae,
798 2381 927 2428 viros
958 2387 1183 2442 spectatae
1215 2382 1460 2436 doctrinae,
1493 2382 1593 2443 qui,
1621 2381 1811 2428 tametsi
1842 2381 2071 2428 hactenus
2105 2383 2371 2445 magisterii
2400 2385 2453 2430 in

656 2478 932 2541 theologicis
962 2487 1234 2528 renuerunt
1255 2479 1521 2543 fastigium,
1548 2481 1607 2528 de
1627 2495 1679 2528 se
1700 2481 1960 2528 modestius
1993 2482 2266 2536 sentientes,
2296 2482 2455 2529 docto·

655 2576 788 2624 ribus
812 2584 974 2624 tamen
996 2594 1075 2626 eos
1098 2594 1240 2626 nemo
1261 2580 1724 2627 dixeriteruditione
1745 2578 2006 2626 inferiores.
2065 2577 2288 2627 Vidimus
2311 2578 2453 2627 innu-

654 2690 809 2723 meros
844 2692 1034 2739 quoque
1069 2679 1204 2732 alios,
1236 2693 1418 2725 sacram
1452 2678 1757 2741 theologiam,
1779 2678 2050 2724 veneranda
2072 2679 2203 2741 jura,
2232 2685 2315 2726 aut
2347 2679 2455 2740 phi-

654 2775 921 2835 losophiam
940 2776 1229 2836 profitentes·
1266 2775 1467 2823 >Horum
1491 2777 1640 2838 aliqui
1657 2777 1897 2825 secularis
1915 2774 1990 2835 (ut
2012 2777 2196 2840 dicunt)
2211 2778 2450 2848 instituti:

651 2874 731 2919 alii
765 2874 866 2921 divi
898 2873 1178 2938 Augustini,
1212 2874 1474 2930 Benedicti,
1508 2875 1764 2930 Francisci,
1796 2874 2098 2922 Dominicive
2130 2876 2310 2923 ordinis
2340 2876 2447 2923 viri.

652 2969 875 3019 Prodiere
923 2974 1014 3021 hoc
1051 2989 1111 3020 ex
1158 2975 1424 3037 gymnasio,
1467 2981 1775 3036 posteaquam
1812 2974 1988 3022 habuit
2015 2975 2228 3029 initium,
2266 2974 2446 3037 insigni

652 3068 867 3117 doctrina
890 3073 982 3119 viri
1007 3074 1286 3134 complures,
1320 3074 1404 3135 qui
1426 3074 1691 3121 eruditione
1717 3080 1768 3121 et
1795 3074 1983 3121 morum
2017 3072 2252 3134 probitate
2287 3072 2447 3122 Scoto-
