2944 3906
740 470 791 508 14
1355 458 1899 504 ABERDONENSIUM

735 612 1001 664 admodum,
1024 610 1140 671 quid
1162 610 1323 656 damni
1345 614 1635 670 paterentur.
1710 607 1825 655 Fuit
1849 621 2003 653 annus
2026 621 2121 667 quo
2143 604 2418 652 Aberdonia
2439 594 2516 651 fu-

405 708 527 755 AD.
554 711 695 757 1333.
729 715 912 757 nectam
945 708 1068 755 hanc
1096 708 1275 754 cladem
1306 707 1484 767 accepit
1505 722 1536 753 a
1557 706 1751 753 Christo
1774 706 2020 752 incarnato
2042 705 2213 751 tertius
2243 718 2388 764 supra
2410 704 2517 750 mil-

732 809 949 855 lesimum
973 813 1046 853 ter
1068 806 1374 853 centesimum
1398 805 1702 851 tricesimum.
1749 803 1882 851 Inter
1895 804 2000 850 haec
2022 804 2319 850 incommoda
2336 805 2513 864 praesul

732 905 1004 953 Alexander
1025 904 1287 950 eruditione
1308 909 1357 949 et
1370 903 1544 963 pietate
1567 903 1783 965 insignis,
1811 902 1932 949 nihil
1951 903 2174 949 omittens
2197 903 2325 963 quod
2347 904 2407 949 ad
2432 917 2514 963 op-

731 1005 903 1051 timum
927 1009 1163 1063 pastorem
1186 1002 1387 1048 attinere
1410 1001 1602 1056 diceres,
1623 1002 1794 1047 ultima
1810 1007 1998 1047 naturae
2015 1002 2243 1062 persolvit
2264 1001 2513 1048 undecimo

728 1101 1035 1164 magistratus
1058 1100 1134 1147 sui
1156 1114 1297 1154 anno,
1319 1104 1368 1146 et
1390 1099 1590 1146 Davidis
1613 1099 1805 1146 secundi
1829 1099 2119 1147 duodecimo.

798 1298 856 1345 In
890 1298 1150 1345 Alexandri
1183 1299 1337 1345 locum
1360 1296 1784 1344 WILHELMUS
1816 1296 1910 1343 DE
1945 1296 2138 1343 DEYN
2159 1297 2513 1345 Aberdonensis

400 1395 460 1442 A.
476 1396 535 1443 D.
563 1402 703 1447 1841.
727 1397 970 1456 episcopus
987 1402 1186 1449 creatur,
1206 1410 1331 1441 anno
1348 1395 1514 1441 salutis
1532 1400 1709 1441 nostrae
1726 1395 1976 1441 millesimo
1998 1392 2376 1457 [trecentesimo]
2396 1411 2513 1457 qua-

725 1494 991 1555 dragesimo
1013 1494 1181 1553 primo.
1244 1492 1293 1540 Is
1315 1508 1448 1540 sacro
1470 1494 1755 1555 magistratu
1777 1494 1959 1554 potitus
1982 1493 2043 1539 ob
2065 1494 2175 1539 belli
2197 1495 2509 1549 incommoda,

721 1592 893 1652 quibus
914 1597 1028 1638 tunc
1042 1592 1202 1638 omnia
1218 1596 1354 1638 erant
1370 1591 1523 1651 plena,
1546 1592 1674 1652 quod
1696 1592 1757 1637 ad
1774 1591 1951 1638 bonum
1976 1591 2148 1638 attinet
2169 1599 2408 1652 pastorem
2426 1595 2508 1640 vix

721 1690 975 1750 quicquam
998 1690 1166 1750 exequi
1188 1695 1388 1750 poterat.
1450 1689 1542 1735 Sed
1565 1689 1747 1736 Scotica
1769 1705 1821 1736 re
1844 1691 2038 1736 tandem
2061 1691 2338 1751 respirante,
2361 1691 2510 1739 hosti-

721 1788 809 1834 bus
832 1788 994 1847 procul
1011 1788 1141 1841 actis,
1156 1787 1353 1833 aedificia
1374 1787 1434 1834 ab
1451 1786 1725 1834 Alexandro
1747 1788 1969 1835 inchoata
1990 1789 2207 1844 absolvit,
2230 1791 2391 1838 diruta
2404 1791 2508 1838 An-

720 1872 854 1948 glicis
879 1886 1023 1932 armis
1044 1886 1254 1932 restituit
1273 1902 1284 1931 :
1307 1886 1480 1947 quibus
1503 1892 1551 1933 et
1568 1888 1798 1941 custodes,
1821 1902 1941 1947 quos
1964 1888 2335 1936 constabularios
2360 1891 2506 1953 vulgo

721 1986 934 2039 dicimus,
968 1985 1185 2032 adhibuit
1214 1990 1480 2045 perpetuos,
1514 1985 1772 2032 constituto
1794 1986 1970 2032 eisdem
1996 1987 2132 2048 justo
2164 1987 2216 2033 in
2250 2003 2400 2036 annos
2434 2004 2508 2036 sa-

720 2085 851 2129 lario.
908 2082 1009 2129 Nec
1030 2098 1200 2143 parum
1222 2083 1395 2130 laboris
1417 2089 1519 2130 erat
1541 2084 1767 2144 pontifici,
1791 2085 2116 2131 silvescentem
2137 2086 2318 2132 clerum
2341 2055 2513 2134 bellico=

720 2182 931 2227 tumultu
948 2182 1007 2227 ad
1024 2181 1372 2241 compositiores
1394 2196 1549 2229 mores
1571 2196 1805 2228 revocare.
1844 2182 1985 2236 Quod
2006 2182 2090 2230 ubi
2113 2184 2376 2231 incredibili
2399 2186 2505 2232 dili-

717 2279 878 2341 gentia
899 2285 1157 2342 peregerat,
1185 2285 1439 2340 postquam
1461 2280 1621 2327 decem
1644 2281 1829 2327 sederat
1854 2296 2022 2336 annos,
2049 2288 2203 2329 morte
2225 2289 2298 2329 est
2320 2298 2506 2345 correp-

718 2383 811 2432 tus,
844 2377 1044 2424 Davidis
1077 2378 1270 2424 secundi
1305 2392 1431 2424 anno
1465 2379 1621 2439 primo
1654 2393 1801 2439 supra
1833 2379 2126 2426 vicesimum.
2195 2379 2418 2441 Sepultus
2452 2383 2503 2428 in

720 2474 861 2522 choro
882 2474 1232 2523 Aberdonensis
1255 2475 1475 2524 basilicae.

784 2672 901 2719 Post
921 2687 1063 2733 quem
1085 2672 1118 2719 J
1122 2672 1314 2720 OANN
1315 2673 1398 2720 Es
1423 2673 1593 2721 RAIT
1612 2675 1776 2723 doctor
1797 2676 2062 2740 theologus,
2085 2678 2292 2726 scientiis
2327 2680 2504 2728 divinis

717 2771 928 2830 apprime
946 2772 1174 2826 eruditus,
1198 2773 1528 2820 canonicorum
1551 2774 1791 2837 suffragiis
1811 2782 1996 2822 creatus
2019 2777 2232 2833 antistes,
2258 2779 2503 2839 privatum

716 2868 945 2928 deposuit,
979 2869 1222 2930 publicum
1246 2871 1433 2918 induit:
1469 2877 1697 2933 tyrannos
1719 2874 1950 2934 quosdam
1974 2876 2057 2936 qui
2080 2874 2411 2924 Aberdonensi
2433 2892 2506 2925 ec·

716 2965 867 3012 clesiae
889 2982 1028 3029 agros
1050 2974 1099 3015 et
1120 2970 1301 3029 praedia
1322 2969 1487 3017 bellica
1507 2970 1650 3017 turba
1670 2971 2038 3027 subtraxerant,¹
2055 2974 2430 3022 execrationibus
2453 2983 2501 3023 et

715 3062 962 3111 interdicto
983 3072 1055 3113 est
1075 3074 1349 3127 prosecutus
1367 3082 1381 3123 3
1417 3068 1653 3115 dioecesim
1675 3071 1930 3130 quotannis
1962 3072 2125 3131 paucis
2148 3073 2398 3122 comitibus
2421 3076 2502 3122 do-
