2944 3906
705 502 761 540 26
1330 493 1875 539 ABERDONENSIUM

703 657 836 690 mum
859 648 907 690 et
929 644 1096 691 vivum
1118 650 1166 691 et
1188 650 1432 691 mortuum
1462 644 1730 690 reverentia
1755 641 2176 704 prosequebantur.
2247 641 2494 690 Humatur

704 744 755 789 in
778 742 921 789 choro
943 741 1301 790 Aberdonensis
1317 743 1539 796 basilicae,
1561 742 1645 788 ubi
1668 742 1815 787 moles
1830 741 1949 803 eJus,
1967 755 2075 787 cum
2094 741 2244 803 effigie
2263 743 2408 801 lapidi
2423 757 2499 788 ar-

703 840 897 887 tificiose
914 842 1029 888 satis
1046 843 1295 902 insculpta,
1313 840 1541 888 celebrem
1559 840 1610 886 in
1629 840 1722 886 viri
1740 839 2022 886 memoriam
2039 844 2203 899 postea
2220 855 2305 900 per
2320 842 2494 887 amicos

703 945 774 986 est
795 946 1047 987 exstructa.

768 1136 1056 1184 THOMAS
1077 1138 1187 1183 inde
1211 1135 1434 1190 SPENS,
1457 1137 1656 1196 antiqua
1678 1136 1781 1198 ejus
1803 1135 1961 1197 gentis
1976 1150 2035 1180 ex
2057 1133 2254 1190 familia,
2277 1133 2491 1181 Aberdo-

701 1251 896 1283 nensem
930 1236 1257 1297 pontificatum
1290 1241 1362 1281 est
1395 1236 1609 1294 adeptus,
1638 1235 1714 1279 vir
1746 1233 2011 1279 incredibili
2042 1234 2327 1292 prudentia;
2362 1235 2491 1294 quod

702 1336 976 1382 continuata
997 1335 1048 1380 in
1070 1348 1179 1379 eum
1206 1330 1531 1377 benevolentia
1552 1345 1735 1393 regum,
1759 1331 1894 1376 varia
1915 1344 2260 1390 nonnunquam
2285 1331 2491 1376 sentien-

701 1434 821 1479 tium
847 1429 921 1490 (ut
942 1431 1188 1491 sequentia
1209 1429 1462 1492 docebunt)
1494 1435 1603 1490 apte
1632 1430 1939 1477 demonstrat.
2008 1427 2134 1474 Erat
2157 1427 2369 1475 Thomas
2393 1430 2489 1475 acri

700 1545 883 1591 semper
905 1531 1098 1593 ingenio
1127 1535 1175 1576 et
1206 1529 1268 1575 ad
1296 1543 1472 1590 magna
1492 1529 1699 1590 gerenda
1729 1528 2093 1574 accommodato·
2163 1525 2308 1573 Hunc
2331 1528 2490 1587 priva-

700 1637 802 1675 tum
826 1628 859 1674 J
860 1628 1032 1675 acobus
1064 1627 1307 1673 Secundus
1329 1628 1593 1687 praecipuos
1624 1626 1794 1672 habuit
1823 1626 1951 1672 inter
1981 1625 2155 1671 amicos
2177 1641 2187 1670 ε
2222 1626 2490 1686 donatoque

701 1726 1030 1773 Gallovidiano
1061 1726 1458 1780 archidiaconatu,
1482 1726 1626 1771 simul
1648 1731 1792 1785 atque
1815 1724 2149 1770 Lincloudana
2182 1726 2491 1772 ecclesiastica

699 1825 996 1886 praefectura,
1019 1826 1079 1871 ad
1097 1824 1322 1870 Carolum
1339 1824 1621 1884 Septimum,
1639 1823 1936 1870 Francorum
1959 1838 2137 1885 regem,
2161 1825 2312 1871 mittit
2335 1831 2490 1872 orato·

698 1939 814 1978 rem,
828 1925 889 1998 ad
902 1925 1130 1970 nonnulla
1140 1939 1250 1984 quae
1264 1924 1325 1969 ad
1337 1924 1587 1984 utriusque
1601 1923 1726 1985 regis
1741 1923 2041 1969 commodum
2057 1923 2334 1983 spectabant
2348 1924 2489 1970 confi-

699 2024 877 2078 cienda,
894 2024 1282 2085 gratulatumque
1299 2023 1426 2083 quod
1443 2030 1552 2082 post
1568 2037 1689 2082 pene
1707 2022 1884 2069 victam
1901 2021 2160 2076 fortunam,
2184 2023 2418 2082 principio
2436 2024 2487 2069 in

700 2137 807 2169 eum
832 2122 948 2168 adeo
970 2122 1318 2175 desaevientem,
1341 2136 1543 2184 regnum
1567 2122 1774 2181 recipere
1790 2120 1882 2167 Dei
1906 2104 2200 2183 benignitate
2223 2122 2488 2181 incepisset.

699 2220 940 2267 Adierunt
968 2226 1016 2266 et
1038 2219 1242 2266 Galliam
1275 2220 1402 2282 regis
1429 2220 1572 2282 Jussu
1602 2234 1711 2266 cum
1735 2219 1926 2266 Thoma
1959 2220 2249 2266 delectorum
2279 2221 2487 2267 militum

699 2320 793 2366 tria
808 2319 973 2373 millia,
995 2319 1054 2365 ad
1073 2320 1303 2379 populum
1319 2325 1531 2365 recenter
1547 2320 1608 2365 ad
1625 2318 1852 2365 Carolum
1869 2333 2031 2380 regem
2049 2333 2190 2365 suum
2208 2333 2486 2365 conversum

699 2420 751 2464 in
773 2418 876 2480 ejus
898 2417 990 2463 fide
1011 2418 1313 2464 retinendum
1331 2431 1345 2472 3
1381 2417 1554 2478 quibus
1577 2417 1662 2464 ubi
1683 2418 1735 2463 in
1753 2416 1960 2463 Galliam
1982 2423 2213 2463 venerant
2234 2417 2488 2478 praefectus

701 2523 773 2563 est
796 2515 1034 2563 Robertus
1058 2516 1331 2571 Patillocus,
1353 2517 1423 2562 rei
1444 2516 1667 2562 militaris
1689 2516 2021 2576 peritissimus.
2058 2514 2107 2561 Is
2130 2516 2327 2570 dudum,
2351 2530 2489 2576 supe-

702 2616 819 2662 ratis
852 2615 1095 2676 pulsisque
1129 2630 1155 2660 e
1176 2613 1412 2661 Vasconia
1433 2614 1624 2676 Anglis,
1647 2614 1886 2661 Vascones
1910 2615 2013 2677 regi
2037 2614 2207 2661 Carolo
2242 2615 2487 2661 audientes

700 2715 888 2763 fecerat.
958 2714 1157 2762 Carolus
1196 2715 1532 2761 adventantem
1568 2714 1806 2761 Thomam
1846 2714 2048 2776 benigne
2087 2720 2160 2760 est
2198 2715 2485 2777 complexus,

701 2829 917 2875 eumque,
939 2815 1089 2874 pactis
1122 2813 1263 2860 rebus
1296 2813 1553 2874 functaque
1583 2814 1817 2876 legatione
1839 2813 2053 2868 feliciter,
2076 2813 2160 2860 ubi
2188 2812 2483 2873 praestantis-

701 2913 843 2959 simas
866 2913 1016 2973 ipsius
1039 2913 1241 2960 virtutes
1264 2911 1420 2958 fuerat
1450 2918 1690 2973 expertus,
1723 2913 1850 2958 inter
1871 2927 1983 2959 suos
2006 2911 2298 2958 consiliarios
2320 2923 2485 2956 nume-

702 3011 841 3063 ravit,
862 3026 1064 3072 regeque
1080 3010 1113 3057 J
1113 3011 1257 3058 acobo
1279 3011 1597 3072 permittente,
1621 3025 1781 3057 secum
1803 3011 1854 3056 in
1873 3009 2030 3056 Gallia
2051 3009 2263 3055 retinuit.
2327 3007 2483 3054 Func-

702 3115 780 3154 tus
804 3114 874 3155 est
896 3108 1005 3154 inde
1026 3109 1340 3171 legationibus
1375 3108 1695 3168 compluribus
1726 3123 1814 3169 pro
1845 3122 1957 3168 pace
1988 3113 2036 3154 et
2066 3122 2224 3154 rerum
2257 3107 2488 3167 tranquil-
