2944 3906
693 506 750 547 80
1313 499 1804 546 ABERDONENSIU
1806 502 1856 545 M

696 650 901 713 injuriis,
922 649 1098 696 nostris
1121 649 1491 697 Flandrinorum
1513 652 1777 711 piratarum
1800 651 1987 698 insidiis
2011 652 2169 705 illatis,
2192 652 2249 697 de
2271 652 2484 713 negotia-

698 756 857 795 torum
880 747 1128 795 Scotorum
1153 748 1343 811 Brugas
1380 747 1447 806 (id
1482 750 1748 809 emporium
1782 755 1854 795 est
1881 750 1935 795 in
1966 749 2211 811 Flandria)
2247 749 2483 797 confluen-

695 848 817 893 tium
840 848 1155 900 immunitate,
1179 853 1226 892 et
1250 847 1586 906 portoriorum,
1608 846 1781 907 quibus
1805 847 2008 893 nimium
2023 848 2362 910 gravabantur,
2382 864 2481 895 mo-

694 946 950 1000 deratione,
965 946 1162 1005 aliisque
1180 945 1341 991 arduis
1357 946 1576 1007 negotiis,
1597 951 1653 991 ut
1679 960 1738 991 ex
1760 947 1887 1007 regis
1905 946 2103 992 arbitrio
2120 946 2286 993 fierent
2304 948 2477 1001 omnia,

690 1044 826 1090 facile
849 1044 975 1104 apud
997 1044 1164 1089 ducem
1188 1042 1408 1090 obtinuit.
1479 1043 1596 1089 Inde
1622 1043 1762 1090 rebus
1785 1043 1985 1090 feliciter
2008 1046 2173 1104 pactiS,
2203 1045 2479 1091 muneribus

689 1142 819 1188 haud
841 1142 1002 1202 parvis
1025 1142 1227 1188 donatus
1251 1157 1280 1187 a
1302 1142 1419 1188 duce
1443 1141 1613 1188 Carolo
1646 1139 1748 1202 (qui
1775 1148 1891 1189 tunc
1916 1142 2136 1188 Gandavi
2165 1144 2286 1204 erat)
2314 1145 2479 1190 dimis-

694 1255 791 1295 sus,
828 1239 1017 1302 Brugas
1054 1255 1104 1286 se
1139 1241 1354 1295 contulit,
1391 1241 1442 1286 in
1478 1241 1683 1300 patriam
1716 1241 1826 1287 inde
1861 1241 2165 1302 trajecturus.
2234 1240 2308 1287 Ibi
2346 1257 2480 1288 casus

693 1338 897 1385 Thomae
921 1339 1093 1385 obtulit
1116 1337 1333 1384 Eduardi
1363 1338 1455 1383 sibi
1488 1337 1820 1383 reconciliandi
1850 1338 2141 1397 insperatam
2172 1340 2479 1384 occasionem.

689 1437 829 1482 Datae
853 1438 979 1481 enim
1014 1436 1165 1481 literae
1199 1450 1229 1481 a
1262 1434 1447 1481 duobus
1481 1434 1701 1481 Eduardi
1735 1435 1900 1481 aulicis
1925 1432 2063 1496 (quos
2092 1437 2334 1482 secretiori
2357 1451 2480 1497 prae-

689 1535 863 1580 fecerat
886 1534 1120 1591 cubiculo)
1145 1535 1206 1580 ad
1232 1534 1413 1580 nobiles
1440 1534 1672 1594 quosdam
1693 1531 1881 1595 Anglos
1913 1533 1973 1579 ob
2003 1534 2268 1596 majestatis
2300 1537 2479 1582 crimen

688 1633 991 1693 proscriptos,
1036 1633 1119 1693 qui
1164 1637 1270 1678 tum
1305 1631 1483 1694 Brugis
1531 1631 1788 1678 exulabant
1834 1628 2088 1690 (incertum
2127 1634 2383 1693 quomodo)
2429 1635 2480 1679 in

689 1730 890 1777 Thomae
913 1746 1083 1777 manus
1105 1745 1375 1791 pervenere.
1443 1730 1764 1777 Continebant
1786 1732 1954 1785 literae,
1987 1732 2178 1786 aulicos,
2209 1733 2479 1794 conjurato-

688 1844 797 1876 rum
820 1831 1119 1890 quorundam
1143 1844 1303 1883 suasu,
1337 1830 1587 1875 consilium
1614 1830 1777 1875 iniisse
1800 1828 2019 1876 Eduardi
2050 1803 2178 1892 regis
2209 1836 2354 1877 noctu
2386 1828 2479 1888 (ac-

692 1933 827 1988 cepto
849 1929 1067 1989 praemio)
1091 1927 1406 1974 obtruncandi
1426 1941 1438 1973 :
1461 1927 1562 1973 fore
1584 1933 1835 1988 propterea
1856 1934 1913 1974 ut
1943 1925 2396 1999 (tyranno-sublato)
2420 1930 2480 1975 ab

686 2027 827 2073 exilio
866 2027 1138 2087 propediem
1174 2027 1226 2072 in
1261 2027 1468 2086 patriam
1500 2027 1850 2073 reducerentur.
1921 2026 2148 2082 Thomas,
2182 2043 2234 2073 re
2268 2029 2474 2089 cognita,

691 2125 1048 2187 conjuratorum
1083 2125 1309 2186 injuriam
1340 2125 1600 2170 detestatus
1634 2125 1759 2170 illico
1781 2123 2010 2186 Angliam
2034 2126 2170 2185 petit,
2193 2124 2478 2172 Eduardum

686 2229 741 2270 ut
775 2224 970 2269 insidias
1006 2228 1191 2268 caveret
1218 2223 1500 2268 moniturus.
1571 2220 1673 2277 Qui
1710 2223 1794 2269 ubi
1822 2223 1874 2268 in
1901 2222 2068 2269 offensi
2103 2224 2229 2286 regis
2261 2239 2477 2285 conspec-

685 2329 787 2368 tum
806 2322 1061 2382 prodierat,
1074 2321 1262 2367 traditis
1278 2321 1445 2375 literis,
1461 2320 1585 2366 Cum
1599 2320 1736 2375 hanc,
1754 2321 1926 2381 inquit,
1944 2322 2191 2381 epistolam
2207 2324 2476 2384 perlegeris,

686 2421 863 2480 optime
880 2435 980 2474 rex,
998 2432 1247 2480 cognosces
1265 2424 1312 2464 te
1329 2418 1466 2467 bonis
1487 2424 1535 2465 et
1558 2419 1721 2465 amicis
1739 2418 1994 2474 infensum,
2016 2419 2155 2465 malis
2173 2433 2287 2465 vero
2305 2426 2353 2466 et
2369 2421 2477 2467 hos-

685 2518 813 2564 tibus
831 2518 1075 2564 confidere.
1115 2517 1423 2563 Proditorum
1446 2518 1498 2563 in
1519 2522 1568 2563 te
1591 2518 1815 2578 injuriam
1837 2517 1959 2563 nihil
1975 2518 2154 2572 incuso,
2179 2519 2305 2578 quod
2330 2524 2378 2565 et
2400 2520 2477 2565 lex

686 2617 917 2663 sacerdoti
935 2621 1066 2662 vetat
1081 2630 1094 2670 3
1119 2616 1203 2661 sed
1219 2630 1324 2678 eam
1340 2615 1430 2661 tibi
1447 2615 1714 2677 significare
1732 2616 1877 2670 volui,
1900 2616 2075 2662 invicte
2092 2631 2191 2670 rex,
2211 2632 2270 2662 ne
2289 2616 2410 2664 bello
2428 2624 2476 2664 et

685 2713 825 2761 rebus
853 2714 999 2776 gestis
1023 2715 1242 2776 egregius
1265 2714 1396 2767 adeo,
1424 2728 1521 2759 non
1544 2714 1723 2760 virtute
1750 2715 1832 2760 sed
1859 2720 2053 2760 tuorum
2077 2715 2185 2760 dolo
2208 2722 2472 2775 superatus,

687 2813 920 2875 inglorius
951 2813 1202 2867 interires3
1237 2812 1363 2858 unde
1386 2811 1668 2858 Christianae
1702 2813 1944 2875 religionis
1976 2814 2178 2861 borealis
2205 2814 2470 2874 respublica

685 2912 813 2957 haud
842 2912 1068 2958 mediocri
1095 2912 1287 2973 jactura
1317 2910 1578 2957 afficeretur
1609 2911 1841 2958 bellorum
1870 2914 2008 2968 mole,
2031 2928 2140 2974 quae
2163 2918 2248 2959 tuo
2270 2914 2468 2959 interitu

684 3014 960 3056 strueretur.
995 3009 1254 3056 Eduardus
1273 3011 1334 3056 ad
1352 3011 1563 3070 primum
1580 3009 1778 3057 Thomae
1795 3016 2037 3073 aspectum
2054 3009 2313 3071 obstupuit.
2348 3010 2467 3057 Mox

684 3107 745 3153 ad
761 3121 812 3152 se
829 3122 1064 3163 reversus,
1081 3110 1298 3169 perlectis
1315 3109 1482 3163 literis,
1500 3109 1826 3170 conjuratione
1843 3123 2037 3169 prorsus
2055 3109 2251 3164 detecta,
2271 3109 2468 3156 Thomae
