2944 3906
729 527 783 566 20
1344 516 1885 561 ABERDONENSIUM

727 671 830 716 liori
854 675 1067 715 uteretur
1089 667 1295 721 fortuna,
1329 668 1485 727 ipsum
1504 665 1785 718 Gilbertum,
1808 663 2135 710 secretioribus
2170 676 2329 719 rerum
2361 677 2504 724 agen-

726 769 892 814 darum
930 767 1134 813 consiliis
1170 766 1427 818 admotum,
1474 762 1780 809 suadentibus
1824 761 2099 823 maj0ribuS,
2136 775 2277 806 suum
2316 761 2503 806 vocavit

728 866 1055 912 cancellarium
1075 880 1085 909 z
1110 878 1250 923 quem
1274 863 1609 924 magistratum
1632 866 1768 907 tanta
1790 860 1937 922 gessit
1960 859 2259 912 dexteritate,
2290 865 2346 905 ut
2368 874 2506 905 nemo

730 978 939 1025 unquam
965 969 1074 1008 ante
1096 963 1279 1023 majori.
1350 960 1495 1007 Haud
1518 962 1669 1006 multo
1692 965 1814 1020 post,
1837 973 1947 1019 rege
1971 957 2182 1003 Roberto
2205 958 2306 1003 vita
2327 957 2505 1011 functo,

729 1061 963 1107 Robertus
979 1057 1205 1106 Albaniae
1224 1060 1322 1105 dux
1345 1060 1561 1118 idemque
1580 1058 1783 1104 Fifensis
1801 1071 1969 1110 comes,
1993 1057 2228 1102 demortui
2251 1057 2376 1118 regis
2400 1071 2506 1118 ger-

727 1173 912 1212 manuS,
934 1160 1156 1211 interrex,
1190 1172 1330 1218 quem
1354 1157 1716 1219 gubernatorem
1740 1157 1892 1202 nostri
1915 1161 2099 1209 vocant,
2123 1155 2388 1214 primorum
2411 1155 2509 1201 suf-

727 1255 893 1319 fragiis
907 1263 1104 1303 creatur.
1140 1256 1326 1302 Interea
1348 1256 1546 1301 veniunt
1562 1256 1706 1316 legati
1729 1269 1758 1300 a
1775 1254 1944 1300 Carolo
1962 1252 2188 1312 Septim0,
2213 1253 2507 1299 Francorum

729 1368 853 1416 rege,
875 1356 935 1400 ad
956 1355 1317 1416 gubernatorem
1340 1359 1482 1413 atque
1504 1353 1733 1412 primores
1755 1352 1906 1413 regni,
1941 1356 2190 1411 querentes
2214 1351 2512 1397 incommoda

730 1451 788 1497 ab
802 1449 980 1514 Anglis
998 1453 1142 1506 illata,
1165 1456 1399 1497 recentem
1416 1451 1595 1497 cladem
1619 1451 1747 1510 apud
1769 1449 2068 1495 Cresciacum
2087 1455 2135 1495 et
2153 1448 2413 1511 Blangium
2437 1464 2512 1496 ac-

729 1555 924 1609 ceptam,
947 1551 1106 1596 omnia
1126 1551 1178 1596 in
1201 1548 1355 1595 Gallia
1378 1549 1677 1595 adversitatis
1700 1554 1748 1593 et
1771 1548 2191 1594 commiserationis
2209 1549 2377 1607 plena:
2409 1564 2513 1594 ora-

729 1647 843 1693 bant
864 1649 1015 1694 nostri
1038 1662 1266 1693 memores
1290 1653 1445 1693 essent
1467 1647 1638 1693 veteris
1663 1647 1788 1692 inter
1804 1647 1930 1706 ipsos
1954 1647 2036 1692 icti
2056 1645 2261 1700 foederis,
2283 1646 2512 1693 hactenus

731 1746 959 1799 inviolati,
982 1747 1233 1792 auxiliares
1264 1747 1508 1792 mitterent
1539 1746 1598 1791 ad
1622 1746 1811 1799 amicos,
1846 1746 1906 1790 ad
1938 1746 2086 1791 socios
2113 1746 2376 1805 periculoso
2398 1747 2514 1792 adeo

733 1842 853 1888 bello
870 1843 1133 1889 laborantes
1150 1857 1161 1888 ε
1181 1858 1319 1906 agros
1337 1843 1495 1889 Caroli
1512 1844 1702 1889 nomine
1719 1844 1967 1902 praemium
1984 1848 2261 1896 statuentes,
2278 1844 2515 1905 majorum

732 1941 856 1999 apud
880 1940 1039 1987 Gallos
1062 1943 1428 2003 magistratuum
1458 1941 1608 1987 officia
1636 1946 1683 1986 et
1705 1942 1967 2000 pecuniam,
1990 1941 2041 1986 in
2063 1940 2220 1986 Gallia
2242 1942 2518 2003 trajicienti-

733 2037 835 2091 bus,
843 2039 883 2083 si
900 2053 1000 2083 rem
1011 2039 1302 2085 Francorum
1320 2054 1465 2098 prope
1483 2039 1597 2084 adeo
1615 2039 1835 2098 periculo,
1844 2040 1987 2084 armis
2006 2044 2289 2097 conarentur
2301 2039 2514 2085 liberare.

735 2132 922 2181 Audita
944 2136 1191 2197 benignius
1208 2138 1455 2198 legatione,
1479 2151 1757 2195 responsum
1781 2151 1809 2181 a
1823 2136 2016 2190 nostris,
2033 2135 2326 2182 Francorum
2342 2138 2518 2184 incom-

734 2234 871 2278 moda
888 2233 1079 2292 perinde
1096 2239 1238 2293 atque
1255 2248 1342 2279 sua
1364 2248 1463 2279 sese
1481 2248 1608 2295 aegre
1625 2233 1748 2279 ferre
1764 2248 1777 2289 3
1797 2234 1972 2280 initum
1990 2233 2144 2280 foedus
2162 2249 2405 2295 nunquam
2432 2251 2519 2283 sua

733 2331 870 2390 culpa
890 2331 1264 2378 labefactandum
1284 2346 1298 2387 ;
1322 2333 1503 2392 placere
1520 2332 1738 2378 omnibus
1761 2333 1822 2378 ad
1844 2333 2048 2378 amicum
2071 2334 2300 2393 populum
2324 2335 2522 2380 auxilia-

735 2429 859 2474 rium
889 2430 1046 2476 decem
1076 2432 1226 2477 millia
1257 2428 1369 2491 (quo
1400 2431 1551 2492 magis
1575 2429 1821 2476 Scotorum
1852 2431 1999 2476 animi
2021 2431 2074 2476 in
2096 2430 2305 2477 Francos
2329 2432 2519 2493 dignos-

735 2529 968 2588 cerentur)
997 2529 1184 2574 mittere
1214 2530 1265 2574 in
1289 2527 1491 2574 Galliam
1514 2542 1527 2582 ;
1563 2535 1730 2574 caetera
1750 2543 1855 2589 quae
1877 2529 1928 2574 in
1951 2543 2005 2574 eo
2028 2530 2220 2590 negotio
2243 2530 2427 2590 agenda
2448 2530 2518 2575 fo-

736 2631 842 2670 rent
858 2624 1015 2671 Caroli
1038 2627 1163 2688 regis
1185 2627 1502 2686 permittenda
1524 2627 1734 2673 arbitrio.
1806 2626 1975 2687 Neque
1997 2641 2071 2673 res
2095 2628 2370 2673 dilationem
2393 2642 2519 2674 acce-

735 2722 835 2782 pit;
871 2724 1129 2771 mittuntur
1151 2724 1275 2771 illico
1297 2726 1348 2771 in
1363 2724 1567 2771 Galliam
1586 2740 1738 2771 comes
1755 2724 2059 2787 Douglasius,
2082 2732 2130 2771 et
2152 2740 2305 2772 comes
2324 2725 2519 2786 Bouqu-

735 2820 905 2875 haniae,
941 2836 1049 2868 cum
1082 2823 1366 2870 delectorum
1405 2824 1613 2869 militum
1650 2824 1808 2869 decem
1843 2823 2068 2878 millibus,
2105 2825 2189 2884 qui
2223 2823 2421 2869 Francis
2457 2825 2517 2869 ad

737 2916 1010 2980 Anglorum
1028 2921 1126 2966 vim
1149 2923 1395 2967 arcendam
1409 2923 1648 2981 suppetias
1671 2921 1879 2968 ferrent:
1908 2923 2119 2968 mittitur
2141 2928 2189 2968 et
2210 2927 2372 2967 noster
2393 2922 2519 2983 lega-

737 3021 813 3060 tus
836 3031 865 3061 a
885 3017 1194 3078 gubernatore
1225 3027 1366 3079 atque
1389 3019 1745 3080 magistratibus
1773 3021 1834 3066 ad
1856 3019 2097 3074 Carolum,
2119 3021 2203 3080 qui
2226 3034 2387 3082 regem
2410 3034 2519 3066 con-

738 3113 979 3168 solaretur,
1001 3122 1049 3161 et
1071 3118 1315 3163 certiorem
1338 3117 1525 3170 faceret,
1544 3131 1621 3162 eos
1644 3118 1734 3177 qui,
1751 3116 1954 3164 Galliam
1975 3117 2274 3179 adjuverant,
2297 3124 2343 3164 et
2368 3119 2514 3164 totius
