2944 3906
1026 445 1483 491 EPISCOPORUM-
1508 444 1687 488 VITAE.
2213 451 2268 490 59

458 613 566 646 rum
597 597 803 644 ecclesiae
833 595 964 641 haud
990 608 1194 654 parvum
1228 595 1431 642 attulere
1460 595 1777 654 splendorem.
1850 593 1967 640 Tria
2001 595 2053 640 in
2083 610 2139 642 eo
2170 597 2264 642 col-

460 698 596 760 legia.
632 696 864 748 Primum,
878 694 1006 754 quod
1026 694 1366 756 Paedagogium
1388 698 1576 748 vocant,
1595 692 1916 739 amoenissimo
1935 693 2143 741 civitatis
2156 695 2260 741 loco

460 797 622 848 situm,
644 792 810 839 multis
828 793 943 839 viris
967 792 1128 853 probis
1151 790 1296 853 atque
1318 793 1519 839 literatis
1545 792 1630 853 qui
1644 806 1704 838 ex
1721 806 1777 838 eo
1799 791 2015 851 prodiere
2039 793 2256 856 insigne;

461 895 666 941 alterum
683 891 846 938 Sancti
864 890 1139 947 Salvatoris,
1157 891 1415 938 venerabili
1437 892 1613 952 templo
1631 891 1901 951 pulchrum,
1925 893 2189 952 amplisque
2212 900 2260 939 et

458 990 793 1052 spectabilibus
811 990 993 1036 aedibus
1017 991 1079 1036 ad
1103 991 1373 1037 studiorum
1395 1005 1553 1036 usum.
1624 989 1731 1036 Hoc
1753 989 1786 1035 J
1788 989 1960 1036 acobus
1986 971 2260 1047 Kennedus,

460 1090 623 1137 Sancti
646 1088 857 1135 Andreae
893 1089 1008 1135 olim
1042 1089 1256 1144 antistes,
1291 1090 1350 1135 de
1384 1089 1535 1135 literis
1569 1088 1910 1149 literarumque
1939 1091 2260 1139 excultoribus

459 1189 638 1250 optime
655 1189 869 1242 meritus,
892 1188 1118 1243 condidit,
1135 1189 1399 1249 amplisque
1417 1188 1614 1234 donavit
1632 1188 1826 1247 praediis
1850 1193 1899 1234 et
1920 1189 2183 1236 redditibus
2200 1192 2261 1236 ad

457 1288 718 1350 legentium
750 1294 798 1334 et
829 1288 1103 1334 auditorum
1133 1293 1387 1348 sumptus3
1430 1287 1595 1333 multis
1631 1287 1748 1333 item
1776 1287 1903 1333 vasis
1938 1287 1999 1332 ad
2033 1302 2176 1333 usum
2210 1289 2261 1334 in

457 1388 618 1443 sacriS,
642 1387 878 1441 calicibus,
901 1387 1069 1441 urceis,
1092 1386 1283 1447 phialis,
1305 1386 1497 1447 pateris,
1520 1384 1753 1446 pelvibus,
1777 1385 2017 1431 cantharis
2041 1387 2102 1432 ad
2132 1387 2262 1432 lava-

455 1501 605 1541 crum,
630 1485 936 1539 candelabris,
955 1485 1219 1531 Salvatoris
1242 1484 1395 1546 effigie
1412 1485 1530 1530 duos
1549 1498 1696 1544 prope
1716 1483 1899 1530 cubitos
1923 1485 2080 1546 longa,
2103 1485 2259 1532 thuri-

455 1584 594 1639 bulis,
617 1584 805 1639 acerris,
830 1583 1063 1637 crucibus,
1087 1583 1192 1628 aliis
1209 1597 1400 1643 quoque
1417 1583 1544 1628 vasis
1568 1597 1628 1627 ex
1649 1589 1848 1644 argento
1871 1598 2083 1644 auroque
2099 1583 2256 1631 fabre-

452 1683 607 1738 factis,
621 1683 919 1731 sacerdotum
933 1682 1084 1737 stolis,
1094 1681 1270 1742 cappis,
1278 1681 1574 1735 Dalmaticis,
1588 1681 1778 1735 tuniciS‚
1793 1683 1964 1727 casulis
1981 1679 2056 1740 (ut
2070 1683 2255 1744 dicunt)

456 1797 516 1828 ex
539 1798 658 1829 auro
681 1787 972 1844 argentoque
1002 1781 1174 1836 textili,
1201 1781 1370 1828 villosa
1399 1780 1556 1842 bysso,
1590 1781 1815 1840 palmata,
1849 1781 2096 1836 undulata,
2131 1796 2256 1828 cam-

450 1882 587 1942 panis
617 1881 1011 1928 tintinnabulisve
1041 1881 1208 1927 multis
1230 1881 1365 1927 dulce
1395 1879 1675 1926 sonantibus
1699 1885 1757 1926 ut
1786 1880 2085 1926 harmoniam
2111 1882 2253 1942 plane

449 1981 602 2027 facere
625 1982 892 2035 videantur,
929 1981 1095 2027 aulaeis
1127 1980 1349 2041 byssinis,
1377 1979 1631 2040 tapetibus,
1665 1980 1726 2024 ad
1756 1979 1923 2039 templi
1952 1979 2250 2039 publicarum

450 2095 639 2141 quoque
662 2080 834 2126 aedium
857 2086 1080 2126 ornatum
1101 2092 1113 2125 ε
1147 2085 1209 2134 et,
1232 2085 1288 2125 ut
1310 2093 1411 2124 rem
1434 2083 1620 2125 tantam
1643 2078 1695 2124 in
1718 2082 1904 2124 arctum
1936 2077 2248 2134 conferamus,

448 2181 571 2226 nihil
592 2180 724 2232 intus
748 2179 870 2226 nihil
892 2185 1029 2226 extra
1050 2179 1178 2239 quod
1200 2191 1431 2240 magnum
1454 2182 1700 2238 sumptum
1733 2182 1782 2223 et
1810 2183 2109 2236 apparatum,
2138 2192 2247 2224 con-

446 2280 615 2326 ditoris
646 2294 733 2340 pro
765 2279 1014 2341 dignitate,
1039 2278 1188 2324 animi
1215 2292 1405 2338 quoque
1439 2275 1855 2338 magnificentiam,
1890 2289 1987 2320 non
2010 2277 2242 2322 ostendat.

446 2377 649 2425 Addidit
683 2378 879 2425 tertium
913 2377 1164 2440 collegium
1198 2376 1231 2422 J
1233 2391 1408 2423 oannes
1444 2374 1752 2436 Hepburnus,
1797 2374 1954 2420 adhuc
1986 2381 2240 2436 superstes,

444 2477 825 2524 celebratissimae
857 2475 1060 2523 abbatiae
1089 2476 1189 2522 divi
1212 2475 1422 2523 Andreae
1454 2473 1592 2535 prior
1615 2489 1670 2521 ac
1699 2474 1983 2529 moderator,
2011 2474 2116 2536 jam
2147 2474 2239 2520 fre-

442 2591 592 2636 quens
614 2577 759 2622 variis
783 2577 834 2622 in
856 2576 1116 2636 disciplinis
1139 2575 1471 2636 profitentibus
1494 2580 1542 2621 et
1565 2573 1876 2620 auditoribus.
1938 2572 1989 2619 Is
2011 2572 2044 2618 J
2046 2588 2236 2627 oannes,

443 2674 526 2721 ubi
549 2674 788 2721 abbatiam
811 2675 928 2721 viris
951 2674 1200 2737 religiosis,
1223 2675 1405 2721 musica
1428 2669 1542 2734 (qua
1568 2688 1754 2733 semper
1781 2672 1849 2718 ibi
1876 2673 2158 2719 excellentes
2188 2681 2235 2718 et

442 2773 557 2820 clari
578 2772 730 2833 fuere)
754 2773 977 2833 omnique
999 2787 1171 2835 genere
1194 2773 1456 2833 disciplinae
1480 2772 1781 2833 pollentibus,
1800 2771 2063 2818 incredibili
2087 2772 2233 2825 cultu,

440 2879 488 2920 et
521 2873 712 2932 templo,
743 2878 792 2917 et
825 2871 1018 2926 aedibus,
1048 2872 1307 2932 multisque
1328 2873 1467 2918 novis
1498 2872 1751 2918 structuris
1783 2875 2050 2924 ornaverat,
2073 2875 2129 2916 ut
2162 2870 2231 2916 rei

438 2972 663 3018 literariae
697 2971 975 3025 consuleret,
1010 2969 1261 3032 coUegium
1296 2966 1478 3028 (Sancti
1513 2969 1752 3016 Leonardi
1781 2969 1971 3029 vocant)
2007 2956 2233 3023 instituit,

440 3076 636 3131 sumptu
658 3071 719 3117 ad
742 3070 998 3132 magistros
1029 3075 1078 3116 et
1108 3068 1408 3116 scholasticos
1431 3083 1492 3115 ex
1515 3069 1799 3129 comparatis
1821 3068 2009 3128 praediis
2037 3067 2232 3114 tributo.
