2944 3906
711 569 767 608 52
1333 561 1876 607 ABERDONENSIUM

708 726 903 766 memor,
925 726 1022 772 qua
1043 713 1202 758 nullus
1226 713 1377 774 magis
1400 712 1502 773 regi
1526 712 1749 758 convenit
1770 710 1980 757 affectus.
2049 708 2247 755 Movere
2269 709 2371 770 regi
2395 710 2498 755 ani-

708 825 842 857 mum
863 809 1134 872 frequentes
1158 809 1406 855 Wilhelmi
1433 816 1483 856 et
1505 808 1797 869 tempestivae
1827 807 2179 854 adhortationes
2204 808 2264 853 ad
2287 807 2496 861 meliora,

708 915 764 956 ut
786 909 954 955 deinde
978 909 1147 970 maj0ri
1170 922 1316 967 quam
1340 913 1556 954 anteacto
1573 914 1787 968 tempore
1809 906 2047 953 studuerit
2069 906 2251 966 pietati,
2275 904 2431 951 Deum
2450 913 2497 952 et

706 1013 895 1054 sanctos
918 1007 988 1053 ita
1010 1011 1276 1060 veneratus,
1299 1011 1355 1052 ut
1372 1007 1557 1066 quoties
1578 1005 1758 1052 Christi
1776 1004 2054 1066 Deiparaeve
2072 1004 2273 1066 virginis
2296 1003 2496 1066 effigiem

707 1106 762 1152 111
784 1106 976 1166 templo,
999 1105 1050 1151 in
1063 1103 1182 1159 foro,
1205 1105 1257 1151 in
1279 1106 1462 1165 plateis,
1486 1106 1602 1151 dum
1619 1106 1779 1166 aliquo
1795 1103 2183 1165 proficisceretur,
2199 1101 2368 1148 fuisset
2391 1117 2499 1148 con-

709 1204 934 1265 spicatus,
951 1204 1081 1250 nudo
1099 1204 1251 1264 capite
1269 1218 1375 1249 cum
1394 1203 1650 1264 lachrymis
1672 1204 1951 1263 plerumque
1970 1215 2057 1262 pro
2074 1214 2162 1246 sua
2177 1199 2345 1259 suique
2362 1202 2498 1263 regni

709 1303 862 1349 salute
884 1317 1043 1362 preces
1058 1303 1257 1362 supplex
1274 1301 1536 1347 effunderet
1551 1315 1565 1355 3
1589 1302 1743 1346 multa
1755 1299 1986 1346 tribueret
2003 1300 2054 1344 in
2071 1312 2335 1358 pauperum
2356 1312 2498 1345 usum

712 1405 761 1447 et
782 1400 963 1446 Christi
994 1400 1306 1451 sacerdotum,
1340 1413 1494 1458 neque
1526 1397 1718 1457 aliquod
1741 1398 1988 1457 templum,
2012 1397 2295 1442 sacellumve
2321 1396 2500 1443 celebre

711 1512 798 1543 suo
822 1498 872 1542 in
894 1511 1042 1558 regno
1064 1502 1276 1550 noverat,
1300 1497 1427 1556 quod
1457 1511 1554 1542 non
1584 1497 1744 1556 aliquo
1766 1495 1898 1557 regio
1928 1495 2053 1541 dono
2084 1509 2186 1541 suae
2215 1495 2406 1555 pietatis
2429 1497 2501 1542 in-

710 1595 837 1657 signi
859 1594 1016 1640 suerat
1038 1595 1325 1640 decoratum.
1367 1593 1468 1639 Sub
1489 1594 1539 1639 id
1561 1599 1750 1654 tempus
1773 1593 2019 1654 episcopus
2039 1592 2303 1647 Imolensis,
2326 1595 2500 1640 summi

712 1693 946 1754 pontificis
979 1693 1180 1754 legatuS,
1214 1692 1276 1737 ad
1297 1690 1330 1737 J
1331 1692 1530 1738 acobum
1560 1706 1720 1753 regem
1749 1692 1883 1737 venit
1915 1691 2263 1752 erogandorum
2293 1693 2503 1751 complu-

713 1791 841 1838 rium
879 1790 1240 1852 privilegiorum
1281 1789 1517 1835 nobilibus
1551 1795 1599 1835 et
1633 1788 1941 1850 popularibus
1977 1785 2051 1846 (ut
2078 1788 2152 1848 fit)
2186 1802 2362 1850 magna
2393 1804 2501 1835 cum

713 1894 959 1950 potestate.
1028 1887 1172 1933 Hunc
1205 1902 1291 1933 rex
1321 1902 1410 1934 sua
1438 1902 1525 1947 pro
1556 1888 1790 1950 dignitate
1819 1892 2064 1947 acceptum
2094 1886 2332 1947 regalibus
2366 1888 2502 1934 donis

713 1988 918 2041 ornavit,
940 1992 989 2033 et
1009 2001 1168 2033 secum
1187 1986 1327 2032 duxit
1344 2000 1625 2046 quocunque
1642 1986 1867 2045 perrexit,
1884 1984 2146 2046 peregrinis
2163 1984 2502 2032 confabulatio-

716 2084 858 2132 nibus
876 2085 1147 2131 delectatus.
1182 2082 1363 2130 Evenit
1383 2089 1439 2130 ut
1462 2098 1547 2129 rex
1559 2083 1869 2129 Lestauream
1891 2083 2134 2144 religionis
2157 2097 2298 2129 eausa
2321 2089 2500 2143 petens,

715 2182 921 2230 nobilem
955 2183 1190 2243 quendam
1220 2182 1362 2228 caedis
1394 2182 1591 2227 crimine
1624 2182 1906 2227 damnatum
1935 2180 2125 2227 obviam
2158 2181 2354 2228 haberet
2387 2197 2502 2228 eun-

716 2287 813 2328 tem
831 2282 891 2327 ad
908 2280 1206 2341 supplicium,
1224 2280 1324 2340 qui,
1338 2285 1584 2340 conspecto
1598 2280 1825 2340 principe,
1843 2280 1904 2326 ad
1920 2280 2023 2342 ejus
2044 2280 2186 2340 pedes
2203 2282 2499 2340 provolutus,

715 2379 862 2427 tensis
884 2379 935 2425 in
958 2393 1067 2425 eum
1089 2378 1309 2424 manibus
1326 2384 1559 2444 quantum
1581 2378 1885 2439 patiebantur
1901 2378 2105 2432 vincula,
2128 2380 2291 2424 multis
2315 2379 2500 2440 lachry-

717 2478 808 2525 mis
831 2478 914 2524 abs
936 2492 986 2524 se
1007 2477 1292 2538 supplicium
1310 2477 1664 2537 deprecabatur,
1687 2477 1934 2523 obsecrans
1951 2491 2133 2523 memor
2155 2483 2277 2523 esset
2300 2478 2499 2523 clemen-

718 2577 802 2623 tiae
824 2577 875 2622 in
896 2591 993 2636 qua
1013 2581 1171 2622 sontes
1194 2576 1245 2621 111
1266 2574 1519 2622 manifesto
1541 2576 1685 2622 etiam
1717 2575 1913 2621 crimine
1936 2581 2047 2621 ante
2069 2576 2368 2635 supplicium,
2403 2577 2502 2624 imo

718 2674 772 2721 in
793 2673 897 2734 ipso
918 2673 1162 2733 supplicio,
1184 2687 1281 2718 11011
1302 2678 1495 2732 possent
1516 2687 1613 2719 non
1635 2673 1815 2733 aliquid
1837 2687 2039 2732 sperare,
2062 2688 2122 2718 ne
2144 2673 2205 2719 ob
2231 2674 2501 2720 involunta-

718 2772 840 2818 riam
862 2771 1033 2817 caedem
1055 2776 1155 2816 tam
1176 2770 1356 2816 foedum
1373 2771 1548 2830 populo
1564 2770 1856 2830 praeberetur
1877 2772 2209 2830 spectaculum.
2261 2770 2391 2817 Tum
2413 2786 2497 2818 rex

721 2867 795 2927 (ut
810 2869 1002 2931 ingenio
1018 2867 1146 2915 facili
1169 2874 1272 2914 erat
1293 2868 1354 2913 ad
1371 2868 1728 2929 ignoscendum)
1753 2869 1814 2914 ad
1831 2870 2042 2931 legatum
2065 2883 2333 2922 conversus,
2355 2882 2498 2928 quem

721 2965 795 3025 (ut
816 2966 1083 3027 videbatur)
1115 2980 1172 3012 ea
1193 2966 1245 3011 111
1272 2980 1324 3011 re
1346 2966 1499 3012 veniae
1529 2966 1683 3012 voluit
1712 2971 1967 3020 auctorem,
2000 2966 2130 3020 Quid
2158 2965 2277 3011 mihi
2301 2962 2495 3026 (inquit)

719 3065 886 3111 suades
899 3064 922 3109 ?
942 3064 1052 3111 Fiat
1066 3061 1241 3125 (inquit
1254 3064 1458 3126 legatus)
1466 3064 1670 3125 justitia.
1696 3063 1826 3110 Tum
1839 3078 1925 3110 rex
1937 3064 1999 3110 ad
2012 3062 2338 3117 Wilhelmum,
2351 3078 2494 3124 quem

721 3162 861 3208 vultu
875 3161 979 3223 jam
1000 3162 1252 3208 concidisse
1269 3166 1584 3221 perspexerat,
1607 3166 1655 3207 et
1676 3160 1738 3207 ob
1758 3160 1847 3208 hoc
1862 3161 2007 3223 legati
2023 3175 2301 3221 roeponsum
2323 3176 2494 3222 parum
