2944 3906
762 431 811 470 12
1373 420 1920 465 ABERDONENSIUM

755 580 880 621 runt.
947 573 1098 634 Angli
1127 573 1315 619 amissae
1348 572 1468 618 arcis
1498 585 1823 631 caesorumque
1845 569 2183 617 contribulium
2214 570 2343 616 tristi
2373 572 2547 618 nuncio

754 673 923 729 affecti,
945 673 1116 720 coactis
1139 672 1285 732 copiis
1307 670 1631 718 Aberdoniam
1654 676 1848 716 movent
1870 641 2031 716 animo
2053 675 2292 730 acceptam
2316 669 2544 731 injuriam

754 774 1019 821 ulciscendi.
1069 772 1127 819 Id
1148 771 1231 818 ubi
1255 770 1544 817 Aberdoniae
1566 769 1861 823 nunciatum,
1884 767 2112 815 Brusiani
2134 768 2279 814 simul
2301 783 2409 814 cum
2433 769 2547 814 civi-

753 872 841 919 bus
875 873 1000 919 illico
1033 871 1205 932 oppido
1228 870 1403 932 egressi
1438 875 1566 923 sunt,
1598 883 1707 915 cum
1737 867 1955 915 hostibus
1989 868 2276 915 dimicaturi.
2338 867 2370 913 J
2372 883 2545 914 oannes

754 969 989 1017 Frisarius
1014 969 1238 1015 Brusiani
1269 968 1519 1022 exercitus,
1550 968 1634 1028 qui
1664 973 1769 1014 tum
1792 965 2082 1014 Aberdoniae
2116 966 2289 1021 fuerat,
2315 967 2415 1013 dux
2447 968 2545 1013 suis

751 1070 819 1115 ita
840 1070 1023 1115 animos
1057 1068 1268 1114 accendit
1296 1067 1356 1112 ad
1383 1081 1593 1128 pugnam
1618 1072 1674 1112 ut
1703 1080 1800 1112 non
1830 1071 1931 1112 tam
1964 1066 2026 1111 ad
2056 1071 2295 1112 certamen
2318 1081 2460 1126 quam
2487 1067 2545 1112 ad

749 1174 925 1214 certam
956 1168 1203 1214 victoriam
1232 1165 1453 1227 progredi
1485 1165 1773 1211 viderentur.
1842 1163 1971 1211 Inita
2010 1179 2174 1226 pugna
2210 1165 2436 1211 acerrime
2476 1172 2546 1210 est

749 1272 995 1312 certatum.
1063 1264 1275 1312 Victoria
1301 1264 1491 1310 tandem
1527 1261 1627 1320 (sed
1654 1264 1869 1322 cruenta)
1894 1262 2045 1308 Scotis
2068 1262 2238 1309 cessit:
2272 1261 2544 1324 Anglorum

747 1364 1087 1424 quamplurimi
1105 1377 1160 1408 eo
1176 1362 1341 1422 praelio
1359 1361 1484 1414 caesi,
1498 1361 1637 1421 pauci
1654 1361 1755 1406 vivi
1773 1361 1914 1420 capti,
1929 1360 2026 1406 rari
2045 1359 2228 1422 fugere,
2242 1360 2360 1407 adeo
2375 1362 2546 1408 acriter

746 1462 795 1506 in
819 1476 982 1523 pugna
1003 1461 1337 1521 perdurarunt.
1395 1459 1584 1506 Placuit
1608 1460 1867 1506 victoribus
1890 1474 2015 1520 quos
2040 1466 2202 1520 captos
2225 1459 2465 1508 habebant
2487 1463 2547 1508 ad

744 1567 970 1607 terrorem
1009 1566 1146 1606 extra
1180 1559 1408 1619 oppidum
1442 1557 1577 1604 furca
1612 1559 1928 1619 suspendere:
1971 1559 2054 1605 sed
2088 1565 2282 1605 vetuere
2316 1561 2543 1614 canonici,

743 1667 886 1720 atque
920 1666 977 1705 ut
1011 1673 1243 1705 caesorum
1278 1672 1474 1718 corpora
1507 1658 1567 1703 ad
1601 1658 1830 1718 posticam
1864 1658 2030 1718 templi
2060 1658 2162 1704 divi
2195 1657 2245 1704 N
2247 1658 2384 1704 icolai
2414 1665 2544 1705 terra

744 1758 1071 1811 conderentur,
1107 1757 1234 1817 apud
1258 1756 1522 1802 Frisarium
1555 1762 1698 1816 atque
1721 1757 1884 1816 oppidi
1912 1755 2194 1817 praefectum
2217 1756 2543 1812 obtinuerunt,

743 1847 824 1902 ubi
848 1871 1010 1902 eorum
1044 1870 1150 1901 ossa
1187 1870 1295 1901 cum
1332 1855 1485 1901 titulis
1519 1855 1571 1901 in
1604 1855 1673 1901 rei
1695 1862 2059 1902 monumentum
2082 1856 2239 1902 adhuc
2261 1864 2539 1904 cernuntur.

742 1954 833 2001 Sed
867 1960 1164 2001 revertamur
1204 1954 1331 2000 unde
1369 1954 1583 2015 digressi.
1652 1953 1907 2008 Robertus‚
1941 1955 2122 2015 pacatis
2156 1956 2360 2002 tandem.
2384 1956 2540 2011 rebus,

742 2053 1010 2115 Anglisque
1036 2067 1063 2098 e
1086 2052 1243 2098 Scotia
1265 2053 1430 2112 pulsiS,
1454 2058 1501 2099 et
1523 2053 1574 2098 in
1596 2052 1827 2115 Angliam
1850 2054 2066 2113 repulsis,
2089 2055 2216 2101 inter
2237 2056 2539 2102 lustrandum

743 2152 946 2211 patriam
971 2151 1136 2211 templi
1161 2150 1413 2196 aedificium
1431 2149 1736 2206 Aberdoniae‚
1757 2150 1807 2196 H
1810 2152 1956 2198 enrici
1970 2167 2114 2213 opera
2135 2154 2394 2215 inceptum,
2416 2154 2541 2202 forte

742 2250 1051 2309 conspicatus,
1078 2250 1226 2311 jussit
1255 2249 1490 2310 pontificis
1513 2250 1739 2310 impensis
1765 2248 1843 2308 (ne
1866 2252 1917 2297 in
1940 2251 2164 2311 profanos
2186 2267 2303 2299 usus
2327 2255 2539 2300 ecclesiae

742 2349 954 2395 redditus
976 2349 1373 2409 expenderentur)
1397 2348 1595 2395 chorum
1619 2350 1953 2396 consummari.
2010 2349 2201 2396 Exinde
2223 2351 2407 2412 aliquot
2432 2360 2541 2413 post

751 2460 899 2492 annos
924 2445 1159 2492 Henricus
1189 2443 1511 2507 (permittente
1540 2448 1670 2509 rege)
1702 2447 1763 2494 ab
1793 2448 1935 2495 exilio
1955 2446 2281 2496 Abel-doniam
2305 2465 2538 2506 reversus,

748 2544 831 2591 ubi
854 2549 1104 2605 postquam
1127 2544 1421 2592 labefactatae
1434 2546 1676 2608 religionis
1690 2547 1811 2593 sacri
1824 2547 2134 2610 magistratus
2149 2549 2335 2597 defectu
2351 2565 2540 2612 repara-

751 2644 871 2690 tioni
903 2644 1163 2704 plurimum
1198 2644 1518 2699 insudaverat,
1550 2643 1787 2693 XLVIII.
1819 2661 1946 2694 anno
1968 2663 2065 2708 quo
2094 2649 2254 2695 sedere
2285 2650 2537 2712 inceperat,

751 2747 903 2788 morte
935 2748 1007 2788 est
1039 2748 1296 2803 correptus.
1364 2743 1460 2797 Qui
1491 2758 1645 2791 annus
1677 2751 1779 2792 erat
1802 2745 2013 2794 Roberto
2042 2748 2145 2810 regi
2178 2749 2293 2795 vitae
2321 2750 2536 2805 ultimus,

424 2835 485 2881 A.
501 2836 560 2882 D.
587 2841 727 2896 1329.
746 2839 925 2888 Christi
948 2842 1129 2888 domini
1151 2843 1380 2889 adventus
1403 2843 1680 2890 millesimus
1703 2847 2061 2893 trecentesimus
2084 2847 2344 2909 vigesimus
2366 2862 2535 2895 nonus.

814 3035 870 3082 In
888 3039 989 3099 ejus
1006 3040 1160 3086 locum
1177 3039 1667 3087 ALEXANDRUM
1689 3041 2066 3089 KYNINMUN
2069 3042 2116 3088 D
2134 3043 2406 3106 theologum
2430 3046 2537 3092 doc-
