2944 3906
1055 499 1511 545 EPISCOPORUM
1539 500 1716 544 VITAE.
2229 507 2283 544 ’79

488 654 636 696 tatem
670 650 772 695 arte
817 661 918 702 sua,
958 663 1055 708 qua
1088 649 1352 709 plurimum
1386 648 1641 710 pollebant,
1675 647 1885 694 conferre
1919 664 2015 697 non
2049 652 2281 711 poterant,

485 755 647 795 tamen
668 753 725 793 ut
746 746 848 793 vita
870 746 913 792 ei
936 746 987 793 in
1010 747 1273 794 triennium
1300 747 1450 795 ferme
1472 753 1811 811 prorogaretur
1833 750 2018 810 magnis
2042 749 2280 796 laboribus

484 845 808 892 obtinuerunt.
877 844 1063 892 Mentio
1085 860 1171 906 per
1193 847 1242 892 id
1273 852 1462 907 tempus
1486 847 1544 892 de
1567 845 1817 893 Wilhelmi
1840 847 2074 906 pontificis
2097 850 2279 911 legatis,

482 944 543 990 ad
573 942 725 1003 Deyae
757 943 969 990 fluminis
1009 945 1169 1004 pontis
1211 945 1544 1000 conditionem,
1585 946 1769 1007 collegii
1811 948 2279 1000 consummationem,

480 1042 658 1088 aedium
692 1056 881 1102 quoque
915 1042 1018 1104 eJus
1053 1043 1104 1088 in
1138 1043 1315 1089 vicinia
1349 1043 1488 1090 condi
1522 1043 1833 1103 inceptarum,
1875 1044 2153 1099 tribuendis,
2187 1045 2279 1090 fre-

479 1141 703 1200 quentius
737 1139 876 1187 facta.
947 1140 1184 1187 Conventi
1218 1141 1394 1202 quibus
1423 1140 1713 1187 Wilhelmus
1747 1155 1835 1187 sua
1868 1143 2065 1188 credidit
2097 1144 2277 1196 vivens,

478 1239 559 1285 alii
594 1253 783 1299 quoque
805 1253 1010 1299 quorum
1038 1240 1089 1285 in
1118 1254 1297 1287 manus
1312 1238 1573 1286 Wilhelmo
1603 1240 1834 1285 moriente
1867 1240 1969 1301 ejus
2001 1254 2111 1300 opes
2141 1242 2279 1286 deve-

475 1351 620 1393 nere3
657 1337 905 1384 obtentum
927 1338 1064 1393 nihil,
1088 1339 1316 1399 temporis
1338 1338 1625 1398 impediente
1647 1338 1913 1398 iniquitate.
1983 1337 2059 1384 Ea
2082 1345 2277 1399 propter

476 1437 527 1482 hi
562 1438 623 1482 ad
656 1451 775 1497 quos
809 1438 1055 1498 negotium
1092 1437 1300 1483 maxime
1334 1436 1591 1497 spectabat,
1627 1451 1778 1497 quum
1814 1437 2028 1482 viderent
2063 1451 2148 1483 nec
2182 1439 2275 1499 legi

474 1537 646 1589 locum,
673 1550 760 1581 nec
794 1535 1027 1589 homineS,
1062 1541 1148 1581 aut
1181 1550 1338 1581 causae
1373 1536 1615 1596 aequitate,
1649 1540 1735 1581 aut
1768 1535 2034 1582 recentibus
2069 1537 2274 1597 episcopi

473 1632 721 1679 wilhelmi
737 1606 957 1679 'defuncti
983 1633 1236 1688 beneficiis,
1259 1634 1546 1680 commoveri
1568 1647 1719 1694 posse,
1744 1635 1804 1679 ad
1828 1635 1930 1695 ejus
1954 1636 2110 1696 legata
2131 1635 2273 1681 desti-

470 1737 607 1778 natos
631 1732 683 1777 in
705 1733 822 1777 usus
845 1731 1186 1786 distribuenda,
1208 1746 1269 1778 ne
1294 1731 1478 1794 majora
1499 1733 1731 1779 sentirent
1753 1733 2065 1787 incommoda,
2095 1747 2195 1779 rem
2219 1735 2270 1779 in

471 1830 785 1891 opportunius
823 1835 1012 1890 tempus
1049 1831 1302 1891 (siquando
1336 1831 1549 1892 daretur)
1584 1830 1869 1884 differentes,
1904 1832 2066 1877 omnia
2099 1832 2269 1878 dehinc

469 1942 657 1975 summo
691 1929 1029 1975 continuerunt
1066 1929 1269 1975 silentio.
1338 1929 1551 1976 Moritur
1581 1930 1773 1976 tandem
1806 1928 2093 1984 Alexander,
2125 1932 2267 1977 tertio
2278 1934 2339 1980 A.
2358 1935 2418 1981 D.
2446 1939 2586 1983 1518.

468 2027 771 2087 pontificatus
800 2029 875 2074 sui
903 2042 1043 2082 anno,
1072 2028 1286 2087 sepultus
1309 2034 1420 2075 ante
1443 2043 1576 2075 aram
1599 2026 1889 2089 praecipuam
1911 2027 2265 2076 Aberdonensis

469 2127 690 2173 basilicae.

532 2323 592 2370 In
627 2324 731 2385 ejus
764 2325 936 2378 locum,
971 2323 1304 2370 canonicorum
1337 2323 1592 2386 suffragiis,
1623 2324 1798 2370 summi
1832 2323 2068 2383 pontificis
2099 2331 2262 2371 aucto—

463 2423 606 2468 ritate
627 2422 855 2477 adhibita,
887 2422 1112 2469 suffectus
1136 2421 1438 2469 GAVINUS
1460 2420 1848 2476 DUNBARUS,
1872 2436 1931 2468 ex
1955 2424 2103 2468 veteri
2126 2423 2263 2469 Dun-

462 2500 686 2567 barorum
725 2521 921 2575 familia,
955 2521 1196 2583 generosis
1236 2520 1512 2581 parentibus
1546 2526 1834 2581 procreatus,
1875 2522 1926 2566 in
1961 2521 2260 2581 philosophia

461 2619 795 2680 pontificioque
823 2621 933 2682 jure
968 2609 1182 2681 apprime
1212 2619 1442 2666 eruditus.
1511 2618 1634 2665 Erat
1667 2620 1708 2665 is
1738 2619 1831 2664 fido
1861 2633 2045 2678 semper
2074 2625 2122 2665 et
2151 2634 2260 2667 con-

461 2718 609 2764 stanti
635 2719 809 2772 animo,
842 2719 1164 2765 studiosorum
1196 2723 1395 2772 amator,
1417 2718 1646 2764 scelerum
1669 2731 1847 2771 censor,
1882 2718 2128 2777 cultorque
2152 2719 2257 2778 jus-

461 2816 598 2870 titiae,
628 2822 676 2861 et
705 2816 765 2862 ob
793 2816 882 2862 hoc
905 2815 937 2861 J
939 2816 1070 2863 acobi
1099 2816 1271 2870 Quarti
1306 2817 1448 2877 regis,
1472 2815 1627 2861 adhuc
1659 2816 1892 2875 privatus,
1927 2815 2255 2861 secretioribus

462 2915 668 2961 consiliis
711 2916 946 2969 admotus,
982 2914 1309 2974 creditumque
1347 2914 1390 2959 ei
1426 2913 1609 2974 regium
1649 2913 2087 2972 chartophylacium
2128 2910 2255 2970 (nos-

461 3018 608 3059 trates
631 3013 889 3075 registrum
907 3013 1098 3073 vocant)
1121 3011 1250 3073 quod
1271 3025 1414 3072 penes
1439 3025 1547 3056 eum
1564 3010 1763 3072 Jubente
1781 3025 1891 3072 rege
1909 3011 2126 3070 deinceps
2149 3025 2253 3070 per-

461 3110 650 3158 mansit.
721 3111 817 3159 Hic
838 3112 1001 3159 statim
1024 3110 1106 3157 ubi
1129 3109 1455 3170 pontificatum
1479 3104 1698 3163 iniverat,
1722 3107 2046 3156 Aberdoniam
2069 3123 2253 3155 conces-
