2944 3906
650 470 707 509 60
1277 464 1823 510 ABERDONENSIUM

656 614 921 675 Splendidae
953 614 1170 674 quaedam
1203 614 1328 661 aedes
1364 614 1431 661 ibi
1467 622 1820 670 consummatae,
1861 616 1968 662 aliae
2009 615 2230 663 aedificari
2266 626 2442 679 coeptae.

655 712 860 773 Reliqua
881 712 1026 775 hujus
1049 713 1142 759 viri
1164 719 1313 775 gesta,
1340 718 1615 773 quanquam
1637 718 1752 760 sunt
1773 715 2079 774 amplissima,
2114 717 2442 777 constantique

658 812 872 858 omnium
889 811 1222 872 praedicatione
1240 810 1486 864 celebrata,
1501 816 1654 857 tacere
1671 816 1833 858 tamen
1849 812 2248 860 modestissimum
2267 829 2445 869 censeo,

660 910 789 970 quod
811 915 1091 972 magnatum
1111 909 1274 954 laudes
1298 905 1432 965 (dum
1455 909 1733 969 superstites
1755 910 1888 971 sunt)
1911 925 2038 965 raro,
2060 912 2322 959 multorum
2346 928 2449 959 sen-

661 1009 826 1062 tentia,
860 1009 962 1054 sine
983 1007 1315 1054 assentationis
1338 1007 1442 1054 labe
1464 1008 1740 1068 prodantur.
1809 1007 1901 1054 Sed
1923 1010 2209 1069 sperandum
2231 1017 2303 1058 est
2325 1026 2448 1065 eum,

660 1107 745 1167 qui
767 1121 878 1153 suos
900 1106 1104 1169 majores
1127 1106 1401 1168 longissime
1429 1107 1687 1167 superavit,
1718 1107 1959 1167 inceptum
1982 1107 2071 1154 hoc
2094 1123 2212 1169 opus
2235 1124 2332 1156 non
2354 1125 2451 1157 uno

663 1205 1024 1268 magnificentiae
1056 1220 1229 1268 genere
1263 1211 1718 1251 consummaturum.
1787 1204 1917 1252 Huic
1950 1207 2145 1268 collegio
2178 1207 2230 1252 in
2265 1222 2317 1253 re
2351 1209 2455 1255 lite-

661 1305 791 1351 raria
811 1304 843 1350 J
845 1319 1019 1350 oannes
1042 1303 1310 1350 Annandiae
1339 1301 1492 1364 (cujus
1515 1303 1645 1350 haud
1666 1303 1819 1349 multo
1842 1310 1952 1349 ante
1975 1305 2297 1365 meminimus)
2321 1320 2455 1352 exor-

663 1404 797 1450 dium
831 1403 975 1455 dedit,
1015 1403 1091 1447 vir
1129 1402 1225 1447 acri
1266 1415 1451 1461 semper
1486 1400 1694 1462 ingenio,
1732 1401 1948 1447 doctrina
1983 1402 2243 1461 plurimum
2279 1405 2454 1459 valenS,

665 1502 801 1562 quus
819 1501 972 1546 virtus
991 1500 1051 1546 ad
1068 1505 1280 1560 posteros
1300 1500 1471 1554 veniet,
1494 1505 1550 1545 ut
1573 1499 1780 1547 debitam
1798 1506 1903 1546 tum
1921 1501 2110 1547 laudem
2127 1509 2455 1563 consequatur.

666 1599 747 1645 Ad
774 1599 1087 1645 Wilhelmum
1121 1604 1348 1645 revertor.
1418 1597 1466 1644 Is
1503 1595 1594 1655 (uti
1629 1604 1702 1644 est
1735 1598 2073 1660 significatum)
2105 1598 2456 1649 Aberdonensis

668 1699 841 1745 scholae
864 1698 1097 1760 generalis
1121 1703 1286 1743 auctor
1309 1712 1362 1743 ac
1383 1697 1646 1751 institutor,
1669 1697 1754 1758 qui
1776 1698 1878 1759 ejus
1901 1697 2212 1744 fundamenta
2235 1699 2457 1761 jacerem,
2518 1726 2530 1731 —

669 1798 945 1857 primusque
978 1797 1031 1842 in
1064 1811 1120 1842 ea
1151 1795 1365 1841 liberales
1394 1795 1639 1858 profiterer
1674 1801 1814 1850 artes,
1837 1811 1913 1842 me
1945 1794 2072 1854 (licet
2105 1798 2264 1843 minus
2294 1805 2459 1858 aptum

672 1897 733 1942 ad
756 1902 945 1942 tantum
968 1910 1142 1941 munus
1167 1895 1514 1955 exequendum)
1533 1895 1722 1957 delegit,
1745 1895 2020 1942 muneribus
2043 1902 2092 1942 et
2114 1897 2463 1956 pollicitationi-

674 1992 767 2041 bus'
795 1995 856 2040 ad
890 2009 939 2040 se
974 1995 1152 2047 allexit,
1186 1994 1270 2054 qui
1303 1999 1407 2040 tum
1431 1993 1628 2040 Parisiis
1662 1994 1714 2039 in
1748 1995 1968 2056 religioso
2000 2001 2048 2041 et
2079 1995 2334 2041 venerabili
2359 1995 2465 2042 Col-

675 2094 799 2156 legio
823 2093 1135 2139 Montisacuti
1169 2092 1517 2152 philosophiam
1551 2098 1793 2153 utcunque
1823 2093 2116 2147 enarrabam,
2151 2094 2234 2140 ubi
2256 2093 2289 2140 J
2290 2109 2464 2142 oannes

677 2192 930 2245 Standonc,
945 2192 1181 2237 virtutum
1200 2192 1414 2237 omnium
1429 2193 1684 2251 exemplar,
1698 2192 1987 2252 praecipuum
2003 2193 2102 2254 egit
2115 2193 2465 2254 magistratum,

679 2293 813 2339 bonis
845 2293 1006 2337 valens
1038 2292 1264 2351 exemplis
1300 2291 1361 2336 ad
1394 2291 1609 2337 homines
1641 2291 1851 2352 probatis
1883 2291 2094 2338 moribus
2128 2298 2176 2338 et
2209 2292 2468 2353 disciplinis

679 2392 972 2445 imbuendos,
995 2397 1230 2451 quantum
1254 2391 1424 2451 reliqui
1448 2405 1534 2436 sua
1560 2395 1696 2436 aetate
1721 2390 2009 2436 Parisienses
2032 2391 2307 2450 praeceptis:
2342 2391 2470 2437 hunc

683 2491 841 2536 virum
865 2491 1131 2551 gloriantur
1161 2490 1373 2550 plerique
1406 2504 1507 2535 sese
1538 2489 1726 2535 vidisse.
1795 2488 1943 2536 Multi
1973 2494 2078 2535 tum
2108 2503 2164 2534 eo
2193 2489 2244 2534 in
2275 2490 2472 2551 collegio

685 2595 822 2635 erant
859 2590 949 2634 viri
997 2590 1233 2649 exquisita
1272 2588 1551 2642 eruditione,
1590 2602 1797 2648 quorum
1832 2586 2061 2647 praecipui
2097 2586 2271 2633 Petrus
2308 2586 2472 2647 Syrus,

686 2688 949 2750 theologus,
972 2687 1145 2734 Petrus
1162 2687 1422 2740 Rolandus,
1445 2701 1542 2747 quo
1558 2691 1847 2746 praeceptore
1869 2700 1984 2731 usus
2008 2700 2115 2731 sum
2132 2686 2184 2731 in
2203 2686 2472 2739 dialecticis,

687 2788 718 2834 J
721 2803 895 2835 oannes
920 2787 1183 2841 Gasserus;
1219 2792 1385 2832 extant
1416 2786 1508 2831 viri
1539 2786 1798 2832 doctissimi
1830 2785 1882 2830 in
1912 2786 2098 2831 decreta
2127 2790 2320 2844 patrum
2350 2799 2474 2830 com-

689 2887 909 2933 mentarii
930 2900 943 2941 3
979 2885 1212 2932 Erasmus
1237 2885 1599 2938 Roterodamus,
1628 2890 1806 2931 nostrae
1836 2885 1993 2932 aetatis
2016 2884 2236 2944 splendor
2262 2888 2310 2929 et
2337 2897 2474 2928 orna-

691 2994 903 3033 mentum
923 3000 936 3041 ;
973 2987 1132 3032 nullus
1156 3000 1274 3046 pene
1297 2986 1425 3031 locus
1450 2990 1522 3030 est
1543 2984 1595 3030 in
1613 2981 1812 3044 Europa
1833 2984 1950 3029 adeo
1972 2983 2249 3034 inaccessus,
2272 2979 2354 3026 ubi
2376 2994 2472 3025 non

694 3085 796 3146 ejus
831 3086 923 3131 viri
962 3086 1164 3131 decora:
1212 3099 1271 3130 ex
1304 3083 1479 3131 nostris
1515 3081 1873 3136 contribulibus,
1908 3081 2142 3127 Patricius
2177 3078 2474 3133 Panetarius‚
