2944 3906
686 449 743 490 88
1305 442 1850 487 ABERDONENSIUM

687 593 855 639 Romae
871 590 903 637 J
905 590 1038 638 acobi
1055 589 1210 638 Tertii
1226 591 1369 654 jussu
1390 593 1625 655 legatione
1645 591 1966 655 fungebatur:
1988 591 2072 638 ubi
2095 591 2239 637 sacris
2253 604 2314 637 ex
2334 591 2469 638 insti-

685 690 802 737 tutis
824 690 1069 751 episcopus
1091 697 1409 738 consecratur.
1467 690 1688 737 Moratus
1710 691 1821 737 inde
1842 689 1910 736 ibi
1931 690 2089 750 quoad
2105 704 2181 736 res
2204 704 2264 735 ex
2286 695 2474 735 senten·

687 790 756 835 tia
781 787 1069 849 perfecerat:
1092 789 1285 835 tandem
1306 803 1336 834 a
1352 802 1540 835 summo
1561 787 1781 849 pontifice
1802 788 2040 843 dimissus,
2062 789 2240 848 partim
2257 789 2472 835 terrestri

694 888 862 934 itinere
895 887 1070 947 partim
1097 887 1305 949 navigio,
1326 884 1652 934 Aberdoniam
1684 886 1830 933 venit.
1898 885 2158 933 Occurrere
2185 886 2365 933 nobiles
2389 887 2473 946 qui

687 987 738 1032 in
756 986 930 1032 vicinia
952 985 1086 1031 sedes
1109 984 1331 1039 habuere,
1355 991 1404 1032 et
1419 984 1781 1032 Aberdonenses
1804 985 1945 1039 cives,
1967 984 2292 1032 honorationis
2315 998 2471 1038 causa,

687 1086 1038 1139 adventantem,
1057 1085 1206 1131 veluti
1229 1089 1529 1145 expectatum
1551 1090 1790 1144 pastorem
1812 1098 1989 1146 magna
2010 1084 2313 1130 veneratione
2330 1085 2477 1130 susci-

686 1184 883 1243 pientes.
934 1182 1189 1237 Robertus,
1205 1189 1263 1229 ut
1284 1196 1387 1229 mos
1410 1189 1496 1237 est,
1517 1180 1827 1243 praesentibus
1850 1183 2102 1236 canonicis,
2120 1182 2396 1244 juramento
2418 1183 2476 1228 de

686 1282 811 1328 fideli
834 1282 1242 1328 administratione
1258 1282 1491 1341 praestito,
1514 1281 1566 1326 in
1582 1279 1911 1327 Aberdonensi
1928 1280 2037 1325 sede
2060 1285 2133 1325 est
2155 1279 2474 1325 confirmatus.

687 1379 782 1426 Ubi
800 1394 972 1439 paucos
997 1385 1210 1425 moratus
1226 1379 1341 1432 dies,
1363 1378 1425 1424 ad
1447 1391 1608 1440 regem
1626 1377 1817 1431 accitus,
1834 1391 1944 1437 quae
1963 1376 2134 1423 Romae
2151 1390 2261 1422 cum
2284 1390 2473 1422 summo

687 1477 908 1537 pontifice
941 1477 1072 1538 regio
1106 1482 1268 1538 egerat
1300 1477 1507 1530 nomine,
1540 1482 1722 1536 quanta
1753 1475 2054 1521 veneratione
2088 1475 2296 1529 habitus,
2331 1489 2476 1534 quam

687 1574 885 1621 feliciter
904 1574 1094 1635 publica
1111 1575 1304 1636 negotia
1319 1580 1523 1634 peracta,
1545 1573 1672 1620 facta
1690 1574 1926 1628 concione,
1950 1588 2108 1620 coram
2130 1574 2267 1635 regni
2284 1575 2477 1635 majori-

689 1674 777 1719 bus
801 1673 1070 1719 enarravit:
1105 1673 1328 1719 laudatus
1355 1673 1529 1719 idcirco
1562 1687 1592 1718 a
1624 1686 1749 1734 rege.
1816 1670 1866 1717 N
1867 1686 1918 1718 ec
1950 1670 2046 1718 fuit
2079 1686 2135 1717 ea
2168 1672 2220 1717 in
2254 1672 2477 1718 concione

688 1774 770 1833 qui
811 1773 969 1817 virum
1010 1771 1315 1831 amplissimis
1355 1770 1615 1817 honoribus
1650 1771 1851 1832 dignum
1884 1784 1982 1816 non
2009 1770 2278 1831 judicaret:
2312 1771 2472 1832 regius

691 1877 942 1931 propterea
970 1871 1264 1916 consiliarius
1291 1870 1583 1931 designatus,
1611 1869 1738 1915 inter
1759 1883 1838 1915 eos
1868 1869 1952 1929 qui
1975 1869 2034 1914 de
2061 1868 2357 1914 arduissimis
2384 1869 2477 1914 rei·

689 1969 891 2029 publicae
914 1969 1118 2031 negotiis
1145 1968 1452 2023 disserebant,
1472 1967 1672 2030 Jubente
1693 1982 1804 2030 rege
1826 1972 2104 2014 numeratus
2127 1972 2212 2013 est.
2282 1964 2474 2013 Interea

688 2070 912 2123 Roberto,
940 2083 1104 2115 eorum
1138 2069 1348 2128 epistolis
1383 2082 1501 2128 quos
1524 2067 1853 2114 Aberdonensi
1886 2067 1955 2112 rei
1989 2065 2151 2112 abiens
2185 2064 2476 2124 praefecerat,

689 2167 997 2230 significatur,
1031 2166 1273 2221 Brassam,
1295 2165 1648 2212 Aberdonensis
1683 2165 1888 2211 ecclesiae
1921 2177 2107 2226 agrum,
2140 2168 2477 2209 montanorum

686 2267 984 2327 quorundam
1029 2265 1385 2312 excursionibus
1430 2263 1554 2310 foede
1598 2265 1892 2324 populatum.
1972 2261 2054 2308 Ad
2098 2276 2207 2308 eum
2251 2261 2476 2307 nuntium

687 2364 1011 2412 Aberdoniam
1042 2364 1169 2410 illico
1196 2364 1438 2417 concessit,
1460 2362 1544 2409 ubi
1566 2367 1857 2424 grassatores
1884 2374 1992 2407 cum
2027 2374 2192 2406 eorum
2219 2359 2337 2405 duce
2359 2359 2475 2404 diris

688 2462 1062 2509 execrationibus
1084 2463 1294 2523 primum
1326 2467 1399 2508 est
1422 2466 1713 2522 prosecutus.
1781 2459 1955 2505 Postea
1980 2458 2196 2505 invitatis
2228 2456 2371 2518 regiis
2402 2471 2477 2502 co-

688 2560 795 2619 piis,
817 2560 1098 2620 praedonum
1129 2561 1350 2620 impetus,
1373 2560 1457 2620 qui
1490 2558 1794 2620 pertinaciter
1816 2557 2136 2603 ecclesiasticis
2171 2555 2365 2602 monitis
2394 2554 2476 2600 ob-

687 2666 949 2718 temperare
980 2664 1287 2712 recusassent,
1321 2672 1418 2703 non
1450 2658 1592 2703 modo
1625 2656 1863 2716 repressit,
1898 2669 2066 2701 verum
2095 2654 2249 2715 coegit
2278 2667 2384 2713 quae
2406 2666 2478 2699 ce-

692 2758 875 2817 pissent
897 2758 1159 2804 restituere.
1213 2756 1481 2803 Secundum
1511 2755 1615 2801 haec
1635 2754 1775 2809 facta,
1798 2754 2093 2800 sacerdotum
2118 2751 2299 2812 synodo
2321 2751 2476 2796 varias

687 2855 838 2903 edidit
860 2856 1126 2902 sanctiones
1148 2870 1236 2916 pro
1257 2854 1499 2916 religionis
1522 2853 1863 2907 observatione,
1886 2867 1974 2913 pro
1995 2851 2149 2898 divini
2171 2851 2328 2901 cultus
2359 2859 2475 2910 aug-

689 2960 850 3000 mento
869 2967 884 3009 3
921 2959 1248 3015 aequassetque
1275 2954 1455 3013 priores
1481 2951 1739 3013 pontifices,
1761 2951 2091 3014 religiosarum
2112 2954 2161 2995 et
2183 2947 2474 2995 urbanarum

690 3052 931 3100 actionum
953 3052 1221 3100 celebritate
1234 3058 1284 3099 et
1304 3052 1471 3114 gloria,
1493 3051 1535 3097 si
1556 3065 1668 3105 non,
1689 3048 1885 3099 fortuna
1905 3048 1967 3094 ad
1988 3046 2172 3108 maJora
2185 3051 2396 3099 vocante,
2414 3045 2474 3091 ad
