2944 3906
706 566 762 603 ’18
1337 558 1883 604 ABERDONENSIUM

706 714 893 768 sperato
907 709 1195 767 supervenit,
1213 707 1461 754 obsecrans
1474 709 1547 755 uti
1560 706 2052 754 ALEXANDRUM
2069 706 2503 762 GORDONIUM,

704 813 959 869 cognatum
994 820 1150 860 suum,
1184 805 1536 852 Moraviensem
1571 820 1661 852 can
1670 812 1838 861 torem,
1877 806 2180 869 designarent
2218 808 2505 867 episcopum,

705 906 822 952 utile
844 919 1112 951 memorans
1144 905 1213 950 rei
1244 918 1391 951 sacrae
1414 903 1745 951 Aberdonensi
1775 905 1817 951 si
1849 903 2124 951 turbulento
2150 905 2267 952 adeo
2293 912 2505 965 tempore

705 1010 944 1050 crearetur
967 1002 1182 1063 pontifex
1204 1004 1288 1064 qui
1311 1017 1417 1049 eam
1439 1003 1700 1050 amicorum
1730 1004 1865 1064 copia
1897 1010 1946 1050 et
1979 1003 2222 1064 opulentia
2243 1010 2400 1064 posset
2428 1011 2504 1050 tu·

704 1103 810 1148 tari.
880 1101 1107 1148 Canonici
1138 1102 1365 1162 temporis
1396 1102 1640 1163 iniquitati
1672 1102 1999 1157 inservientes,
2034 1102 2219 1149 comitis
2250 1103 2501 1162 postulatis

705 1199 784 1258 (ne
806 1201 974 1247 durius
997 1200 1179 1261 aliquid
1200 1202 1495 1263 paterentur)
1520 1200 1761 1248 communi
1785 1213 2017 1247 consensu
2040 1199 2500 1259 obtemperaverunt.

701 1299 732 1345 J
735 1299 907 1346 acobus
931 1306 1093 1345 tamen
1111 1299 1349 1361 Ogilvius,
1371 1299 1454 1359 qui
1478 1313 1563 1358 per
1584 1299 1634 1344 id
1657 1298 1885 1358 temporis
1908 1298 1970 1343 ad
1991 1296 2289 1343 Lodovicum
2312 1295 2503 1344 Duode-
2547 1305 2551 1310 '

702 1400 895 1451 cimum,
924 1397 1219 1443 Francorum
1252 1411 1429 1458 regem,
1462 1397 1698 1459 legatione
1727 1394 2033 1458 fungebatur,
2056 1394 2088 1440 J
2090 1395 2257 1441 oannis
2279 1393 2502 1443 Albaniae

700 1498 848 1550 ducis,
864 1495 896 1540 J
898 1495 1029 1541 acobi
1046 1494 1199 1542 Tertii
1223 1495 1348 1557 regis
1371 1509 1431 1541 ex
1453 1493 1602 1541 fratre
1619 1494 1820 1554 nepotis,
1842 1508 1986 1555 quem
2009 1494 2146 1556 regni
2163 1494 2394 1555 primores
2411 1509 2499 1557 gu-

701 1597 999 1642 bernatorem
1015 1595 1247 1648 dixerant,
1263 1594 1559 1648 auctoritate,
1567 1591 1921 1640 Aberdonensis
1935 1594 1987 1639 in
1999 1591 2156 1639 Gallia
2167 1599 2366 1640 vocatur
2378 1595 2500 1654 epis-

700 1709 858 1754 copus.
896 1692 960 1747 Is,
983 1693 1056 1739 uti
1080 1693 1175 1739 alio
1191 1694 1293 1739 loco
1310 1698 1746 1746 commemoratum,
1764 1697 1929 1751 postea
1944 1705 2077 1738 sacro
2094 1691 2379 1753 magistratu
2397 1706 2496 1738 sese

699 1793 950 1839 abdicavit.
993 1791 1219 1838 Summus
1234 1805 1347 1837 vero
1364 1789 1593 1851 pontifex,
1611 1789 1712 1836 Leo
1725 1789 1966 1843 DecimuS,
1985 1789 2251 1836 Robertum
2266 1789 2497 1838 Forman-

701 1906 833 1944 num,
858 1890 1201 1952 Glasguensem
1228 1890 1474 1943 decanum,
1499 1888 1670 1936 Romae
1691 1887 2082 1934 Aberdonensem
2113 1888 2320 1934 declarat
2350 1890 2497 1935 antis-

701 1990 851 2035 titem.
920 1987 1011 2034 Est
1036 1988 1275 2035 Robertus
1303 1987 1430 2034 facili
1456 1994 1599 2048 atque
1626 1987 1809 2034 liberali
1836 1987 2042 2049 ingenio,
2073 1987 2131 2032 de
2154 1987 2212 2033 iis
2235 1987 2320 2048 qui
2342 1986 2496 2034 Aber-

700 2088 857 2134 doniae
881 2088 1128 2134 literarum
1159 2093 1272 2133 sunt
1303 2084 1503 2133 studiosi
1526 2101 1672 2147 quam
1693 2087 1870 2147 optime
1893 2087 2092 2133 meritus
2112 2100 2125 2141 3
2161 2087 2245 2147 qui
2268 2087 2413 2134 etiam
2435 2089 2497 2134 ad

701 2187 961 2232 tollendum
985 2186 1235 2232 dissidium
1264 2200 1319 2231 ea
1347 2190 1626 2246 tempestate
1648 2186 1775 2232 inter
1796 2186 1932 2248 regni
1955 2185 2363 2247 Scotiaeproceres
2386 2187 2496 2234 sub·

701 2292 875 2338 ortum,
906 2286 1045 2346 longe
1075 2285 1336 2339 reverendi,
1371 2295 1419 2330 et
1442 2285 1519 2331 vel
1551 2284 1613 2332 ob
1645 2285 1697 2331 id
1730 2284 1955 2332 meritum
1990 2285 2051 2332 ab
2084 2285 2304 2332 omnibus
2338 2286 2495 2333 obser-

700 2384 859 2438 vandi,
894 2384 1042 2444 patris
1078 2382 1289 2430 Andreae
1324 2383 1487 2431 Sancti
1517 2382 1729 2431 Andreae
1763 2384 2116 2445 archiepiscopi,
2152 2385 2227 2431 sui
2260 2387 2491 2447 germani,

700 2498 859 2538 suasu,
898 2485 1026 2529 ultro
1066 2483 1285 2543 deposuit
1323 2482 1667 2543 pontificatum.
1736 2483 1869 2530 Dum
1902 2497 1978 2529 res
2012 2482 2082 2529 ita
2114 2497 2215 2529 sese
2247 2482 2491 2537 haberent,

701 2580 974 2627 Alexander
996 2579 1266 2634 Gordonius
1300 2579 1454 2643 (cujus
1478 2582 1621 2642 paulo
1642 2587 1754 2628 ante
1780 2587 1853 2628 est
1881 2581 2060 2627 mentio
2082 2580 2264 2642 habita)
2290 2580 2493 2627 Huntlei

700 2680 885 2726 comitis
904 2694 1059 2739 opera,
1083 2694 1328 2726 assensum
1344 2679 1377 2725 J
1379 2694 1530 2726 oanne
1552 2680 1688 2741 regni
1705 2679 2021 2742 gubernatore
2038 2678 2294 2739 praebente,
2316 2681 2493 2727 summi

699 2778 932 2837 pontificis
967 2779 1263 2832 auctoritate,
1304 2793 1492 2824 sacrum
1526 2777 1914 2825 Aberdonensem
1948 2778 2090 2825 inivit
2122 2778 2491 2841 magistratum3

698 2877 780 2935 qui
808 2881 916 2936 post
943 2877 1117 2922 initum
1150 2876 1478 2936 pontificatum
1501 2877 1627 2923 illico
1649 2877 1700 2922 in
1723 2877 2044 2923 valetudinem
2068 2877 2236 2924 incidit
2270 2876 2492 2944 (ethicam

697 2973 877 3020 febrem
901 2975 1092 3035 vocant)
1117 2989 1222 3035 quae
1245 2975 1287 3020 ei
1312 2975 1427 3021 dum
1451 2975 1587 3029 vixit,
1618 2975 1928 3035 perduravit;
1965 2975 2091 3021 unde
2118 2974 2240 3022 nihil
2264 2980 2492 3035 praestare

700 3078 784 3117 aut
806 3072 1027 3131 perficere
1052 3074 1210 3133 potuit
1232 3073 1452 3134 pontifice
1474 3073 1689 3136 dignum.
1729 3072 1962 3120 Accersiti
1983 3072 2153 3120 medici
2168 3083 2274 3133 quae
2295 3085 2491 3119 suarum

699 3176 836 3217 erant
858 3171 1068 3231 partium
1091 3178 1299 3234 agentes,
1334 3172 1443 3218 licet
1464 3170 1740 3218 Alexandro
1761 3171 1948 3218 firmam
1971 3175 2019 3218 et
2041 3176 2318 3231 perpetuam
2342 3171 2490 3232 sospi-
