2944 3906
711 541 769 586 32
1334 532 1877 578 ABERDONENSIUM

710 682 786 729 Ita
818 683 969 744 caligo
1002 682 1126 728 diem
1162 697 1265 728 eam
1300 681 1575 736 obduxerat,
1609 689 1665 728 ut
1700 696 1796 728 non
1829 681 1962 742 prius
1996 679 2175 726 fuerint
2214 682 2495 741 conspicatae

705 795 848 842 quam
866 787 1051 827 nostras
1074 782 1246 827 celoces
1270 781 1680 826 circumsisterent.
1730 778 1870 832 Quod
1887 778 1970 825 ubi
1988 779 2138 824 nostri
2156 788 2493 841 cognoverunt,

707 880 914 939 primum
934 881 984 925 in
1002 879 1202 925 navibus
1221 878 1525 938 trepidatum,
1549 878 1660 923 inde
1682 876 1842 923 furore
1865 883 2007 938 atque
2029 878 2352 937 desperatione
2371 881 2494 925 vires

703 976 1097 1030 ministrantibus,
1116 991 1197 1035 spe
1214 975 1344 1037 fugae
1363 975 1563 1029 sublata,
1581 976 1641 1021 ad
1659 990 1810 1021 unum
1829 976 1928 1021 vim
1953 975 2163 1021 hostium
2181 991 2337 1022 arcere
2354 992 2491 1038 para-

701 1075 828 1121 bant.
898 1074 1254 1120 Contrahebant
1278 1075 1395 1127 vela,
1427 1080 1474 1119 et
1506 1074 1648 1120 simul
1681 1070 1755 1130 (ut
1777 1074 1936 1119 navali
1958 1073 2013 1120 fit
2035 1075 2220 1135 praelio)
2244 1090 2490 1135 compone-

700 1173 815 1218 bant
828 1178 1122 1218 armamenta
1138 1186 1149 1218 ι
1172 1173 1281 1218 duae
1295 1171 1515 1234 Anglicae
1532 1186 1676 1218 naves
1690 1172 1899 1232 primum
1914 1173 2089 1218 nostris
2103 1179 2217 1219 sunt
2231 1181 2460 1220 consertae
2477 1192 2487 1220 :

698 1272 817 1317 acris
845 1286 1021 1333 pugna,
1052 1286 1190 1331 aequo
1219 1277 1379 1316 tamen
1405 1270 1578 1324 Marte,
1612 1276 1827 1330 sequuta,
1862 1271 2026 1316 multis
2058 1270 2169 1316 hinc
2199 1272 2309 1316 inde
2337 1274 2485 1319 caesis.

696 1369 980 1429 Stephanus,
1003 1368 1271 1429 Anglorum
1297 1368 1409 1420 dux,
1439 1368 1523 1426 qui
1552 1366 1685 1428 regia
1713 1381 1835 1412 nave
1858 1366 2133 1420 vehebatur,
2160 1367 2487 1429 indignatione

694 1482 927 1520 accensus,
952 1471 1131 1525 quanta
1147 1465 1356 1510 maxima
1373 1465 1611 1511 celeritate
1634 1465 1806 1525 potuit,
1830 1466 1890 1510 ad
1912 1479 2125 1527 pugnam
2149 1468 2372 1525 procedit.
2426 1468 2486 1515 In

694 1570 877 1611 nostras
901 1563 1076 1609 ferreas
1100 1578 1269 1609 manus
1293 1563 1462 1624 injicit,
1491 1568 1538 1608 et
1560 1562 1643 1608 ubi
1667 1563 1961 1623 aliquamdiu
1982 1578 2153 1609 manus
2177 1579 2284 1610 cum
2307 1568 2483 1613 nostris

691 1663 1036 1708 conseruissent
1058 1660 1224 1723 Angli,
1256 1662 1376 1707 duro
1398 1662 1581 1721 praelio,
1614 1661 1921 1707 multitudine
1944 1667 1992 1707 et
2013 1665 2365 1722 perseverantia
2388 1667 2483 1711 vic-

690 1768 815 1807 tores
846 1760 1201 1813 transcendunt,
1229 1759 1422 1820 dejectis
1451 1760 1678 1820 caesisque
1708 1760 2142 1821 propugnatoribus
2166 1762 2249 1821 qui
2273 1764 2480 1822 pertina-

689 1859 788 1904 cius
823 1859 873 1904 in
907 1873 1070 1919 pugna
1103 1858 1424 1903 duraverant:
1465 1863 1718 1918 utramque
1752 1859 1947 1917 capiunt
1983 1859 2195 1904 celocem.
2267 1859 2478 1908 Thomas

687 1966 832 2002 naves
856 1956 1019 2000 videns
1043 1961 1339 2017 expugnatas
1368 1962 1638 2015 captasque,
1662 1952 1854 2017 Anglos
1878 1956 1962 2001 vix
1984 1957 2112 2003 caede
2144 1963 2476 2019 temperantes,

687 2055 942 2114 Stephano,
964 2053 1186 2100 Albaniae
1220 2055 1386 2099 ducem
1421 2054 1472 2100 in
1506 2054 1711 2113 patriam
1746 2054 1975 2100 celocibus
1999 2055 2124 2109 vehi,
2158 2063 2206 2102 et
2235 2059 2342 2117 quis
2377 2060 2477 2119 ipse

685 2159 821 2206 esset,
845 2153 1044 2212 aperuit,
1068 2152 1241 2205 animo,
1265 2153 1486 2205 creditur,
1519 2158 1574 2198 ut
1605 2153 1665 2197 ad
1688 2151 1973 2198 Eduardum
1995 2153 2277 2200 traheretur.
2347 2156 2476 2203 Tum

686 2251 955 2313 Anglorum
967 2251 1065 2295 dux
1073 2251 1220 2311 jussit
1234 2256 1288 2296 ut
1299 2251 1382 2310 qui
1397 2266 1456 2296 ex
1470 2251 1644 2296 nostris
1658 2250 1947 2311 superfuere,
1958 2251 2155 2307 subacti,
2171 2255 2290 2300 salvi
2305 2254 2473 2304 forent.

686 2349 921 2396 Thomam
934 2350 1204 2409 episcopum
1216 2354 1407 2409 captum
1422 2350 1474 2395 in
1484 2350 1675 2395 vincula
1688 2350 1791 2411 conj
1797 2349 1910 2395 ecit:
1932 2346 2158 2396 Albaniae
2169 2352 2335 2397 ducem
2346 2335 2475 2399 haud

683 2463 815 2494 secus
833 2463 975 2507 quam
994 2448 1179 2509 regium
1197 2448 1329 2493 decet
1346 2448 1685 2494 adolescentem
1704 2447 1940 2493 tractavit.
1990 2446 2166 2508 Captas
2189 2451 2361 2496 celoces
2385 2453 2472 2497 mi-

684 2547 747 2592 sit
770 2545 1056 2591 Londinum.
1122 2545 1320 2591 Postera
1342 2547 1417 2591 die
1441 2545 1724 2606 Stephanus,
1748 2546 1926 2592 delecta
1948 2561 2056 2592 cum
2079 2547 2288 2593 militum
2312 2563 2472 2605 manu,

683 2658 858 2706 magno
875 2648 1122 2703 apparatu,
1146 2643 1366 2690 Albaniae
1384 2645 1566 2697 ducem,
1589 2659 1697 2689 cum
1721 2645 1936 2705 captivis,
1955 2643 2193 2691 Thomam
2213 2661 2325 2692 vero
2343 2649 2473 2695 vinc-

684 2748 804 2796 tum,
828 2741 1102 2787 Londinum
1125 2742 1186 2787 ad
1208 2740 1506 2796 Eduardum,
1538 2743 1706 2788 ducere
1729 2744 1921 2803 occepit,
1945 2759 2026 2803 spe
2049 2746 2260 2792 muneris
2282 2748 2472 2807 potiun-

683 2841 746 2894 di,
777 2840 905 2900 quod
927 2855 1036 2885 eum
1061 2840 1220 2885 virum
1247 2840 1580 2899 praehenderit,
1615 2842 1957 2902 adduxeritque
1981 2843 2041 2888 ad
2063 2858 2223 2906 regem
2243 2858 2257 2900 ;
2292 2845 2468 2892 inscius

682 2953 825 2998 quam
849 2953 999 2992 carus,
1033 2939 1209 2984 recenti
1232 2939 1417 2993 merito,
1436 2911 1663 3004 *Thomas
1677 2938 1906 2986 Eduardo
1928 2939 2073 2986 fuerit
2095 2941 2300 2987 effectus.
2368 2941 2418 2987 N
2418 2959 2469 2990 ec

681 3037 855 3081 multos
882 3042 989 3095 post
1019 3037 1133 3091 dies,
1163 3042 1470 3097 posteaquam
1493 3036 1913 3099 Westmysterium
1936 3044 2008 3084 est
2028 3044 2328 3098 perventum,
2351 3041 2468 3087 duce

680 3131 900 3180 Albaniae
924 3140 970 3180 et
994 3134 1184 3181 Thoma
1206 3135 1267 3180 ad
1289 3149 1449 3197 regem
1473 3134 1703 3189 adductis,
1726 3136 1908 3182 caeteris
1932 3136 2132 3196 captivis
2163 3137 2215 3184 in
2238 3152 2469 3188 carcerem
