2944 3906
1042 465 1495 510 EPISCOPORUM
1525 469 1699 512 VITAE.
2218 476 2268 514 17

486 623 550 663 tae
568 615 773 666 fuerant,
787 612 938 672 quum
954 610 1241 669 Alexander,
1260 614 1460 661 Roberti
1476 617 1601 678 regis
1620 615 1821 662 Secundi
1838 618 2076 673 mandato,
2094 620 2268 679 prima-

484 720 681 772 tumque
711 711 946 756 sententia
976 716 1023 757 et
1057 713 1354 768 auctoritate,
1386 715 1448 759 ad
1477 714 1772 760 Francorum
1803 729 1964 776 regem
1994 717 2165 763 missus
2196 724 2268 764 est

484 814 669 872 legatus
688 809 748 854 ad
766 810 1022 869 pristinum
1041 810 1194 857 foedus
1212 813 1550 858 renovandum.
1587 812 1714 858 Tum
1739 813 1865 858 enim
1883 811 2046 875 Angli,
2071 816 2268 876 trajecto

486 908 707 953 exercitu·
720 906 964 961 Calisium,
992 910 1156 954 multis
1182 911 1566 969 populationibus
1590 910 1836 957 Gallorum
1868 926 2006 972 agros
2030 917 2077 958 et
2099 913 2270 972 oppida

486 1005 736 1052 vexabant.
795 1006 903 1059 Qua
924 1007 1158 1068 legatione
1182 1023 1241 1053 ex
1264 1009 1496 1054 sententia
1519 1008 1710 1054 functus
1733 1009 1960 1069 pontifex,
1983 1011 2176 1056 domum
2198 1025 2270 1055 re-

486 1120 666 1159 versus,
700 1106 784 1150 vix
817 1120 996 1151 annum
1037 1106 1285 1166 superfuit.
1353 1107 1566 1153 Decessit
1600 1113 1759 1168 autem
1794 1107 1959 1154 Sconae
2000 1110 2270 1171 stranguria

489 1202 636 1266 (aegre
670 1209 811 1250 eunte
845 1205 980 1267 lotio)
1004 1210 1256 1265 postquam
1279 1211 1485 1266 quatuor
1507 1221 1652 1267 supra
1673 1207 1847 1268 viginti
1871 1222 2018 1253 annos
2044 1208 2270 1253 tenuisset

486 1302 827 1362 pontificatum,
859 1308 906 1347 et
940 1302 1140 1349 Roberti
1183 1303 1387 1349 Secundi
1419 1305 1729 1350 duodecimo:
1773 1305 1909 1366 cujus
1955 1320 2123 1366 corpus
2162 1306 2271 1352 inde
2294 1309 2353 1356 A.
2372 1309 2431 1355 D.
2460 1311 2601 1355 1382,

486 1402 663 1446 elatum
681 1406 791 1446 ante
809 1416 941 1446 aram
960 1401 1240 1447 cathedralis
1259 1403 1439 1462 templi,
1458 1418 1553 1463 qua
1575 1418 1749 1463 pompa
1771 1403 1963 1449 decebat
1986 1404 2269 1464 episcopum,

486 1499 694 1544 traditur
717 1500 989 1558 sepulturae.

553 1694 872 1755 Posteaquam
895 1693 1167 1740 Alexander
1189 1695 1301 1741 fatis
1325 1703 1628 1752 concesserat,
1652 1696 1853 1744 ADAM
1870 1696 1962 1743 DE
1984 1698 2272 1744 TYNNIN-

488 1793 843 1848 GAMME,vir
856 1793 1043 1848 nobilis,
1057 1795 1371 1855 plurimaeque
1385 1795 1509 1841 inter
1523 1811 1632 1842 suos
1649 1796 1958 1850 auctoritatis,
1966 1795 2272 1843 Aberdonen-

487 1908 588 1939 sem
601 1894 710 1939 iniit
725 1892 1066 1953 pontificatum.
1095 1892 1218 1939 Erat
1233 1894 1273 1939 is
1289 1893 1499 1940 Roberto
1513 1896 1616 1956 regi
1632 1895 1893 1949 familiaris,
1909 1900 1969 1949 et,
1984 1896 2270 1957 singularem

490 1992 550 2038 ob
567 1992 885 2052 prudentiam,
903 2006 1185 2052 morumque
1203 1993 1467 2047 candorem,
1486 1998 1533 2039 et
1550 1994 1729 2055 ingenii
1746 1993 2024 2047 ubertatem,
2042 1994 2177 2055 regni
2193 2009 2274 2054 pa-

491 2090 644 2136 tribus
669 2096 901 2150 acceptus,
925 2091 1041 2135 adeo
1068 2096 1137 2144 ut,
1161 2092 1344 2150 quoties
1369 2092 1572 2137 arduum
1602 2092 1782 2152 aliquid
1812 2092 1864 2137 in
1886 2092 2277 2139 consultationem

492 2189 819 2242 adduceretur,
843 2189 945 2250 ejus
970 2189 1205 2234 sententia
1226 2189 1278 2234 in
1301 2189 1468 2248 primis
1491 2190 1618 2249 apud
1641 2205 1718 2235 eos
1742 2192 1932 2235 valeret.
1995 2190 2277 2251 Legationes

492 2288 756 2347 complures
781 2287 841 2332 ad
865 2287 1158 2332 Francorum
1182 2302 1358 2349 regem,
1394 2293 1441 2332 et
1467 2288 1682 2347 privatus
1707 2293 1754 2333 et
1784 2287 2012 2347 publicus,
2047 2303 2133 2347 pro
2160 2288 2279 2334 utri-

495 2401 645 2446 usque
673 2387 810 2447 regni
833 2385 1058 2431 felicitate
1081 2386 1244 2431 obivit.
1313 2385 1508 2433 Veteres
1532 2385 1721 2431 foederis
1745 2386 2033 2433 conditiones
2055 2386 2278 2438 firmavit,

494 2499 643 2530 novas
678 2485 923 2544 quasdam,
954 2485 1204 2544 utriusque
1238 2485 1363 2546 regis
1396 2485 1691 2538 auctoritate,
1722 2485 2059 2544 superaddidit.
2128 2484 2279 2546 Lega-

495 2582 704 2628 tionibus
727 2582 927 2628 feliciter
957 2582 1249 2643 perfunctus,
1273 2598 1381 2628 cum
1411 2582 1610 2642 publicis
1641 2583 1843 2644 negotiis
1872 2588 2000 2628 totus
2028 2583 2278 2635 insisteret,

496 2680 815 2726 obtrectorum
839 2687 885 2726 et
910 2682 1175 2728 delatorum
1199 2682 1498 2742 quorundam
1521 2682 1717 2735 malitia,
1741 2681 1950 2728 Roberto
1972 2682 2073 2742 regi
2096 2695 2279 2740 suspec-

497 2784 576 2823 tus
600 2793 699 2823 esse
723 2779 878 2838 coepit,
902 2793 961 2824 ne
984 2780 1036 2825 in
1058 2779 1252 2825 ferenda
1273 2781 1376 2840 lege
1400 2794 1541 2839 super
1563 2794 1732 2840 regum
1756 2779 2044 2825 successione
2067 2793 2174 2823 cum
2198 2792 2279 2837 op-

498 2877 747 2923 timatibus
771 2877 1056 2937 quibusdam
1081 2875 1271 2937 (quibus
1294 2878 1372 2922 lex
1394 2892 1449 2922 ea
1472 2878 1729 2938 displicuit)
1761 2878 1968 2922 sentiret.
2036 2873 2143 2936 Ipse
2167 2890 2278 2921 vero

496 2973 736 3030 Adamus,
761 2991 847 3022 sua
869 2977 1139 3021 innocentia
1162 2976 1328 3030 fretus,
1352 2981 1408 3021 ut
1429 2989 1587 3036 regem
1619 2976 1882 3035 suspicione
1913 2976 2104 3028 levaret,
2129 2973 2281 3020 Aber-

499 3074 691 3121 doniam
709 3075 842 3130 adiit,
850 3075 930 3130 ibi,
949 3076 1306 3137 ingravescente
1321 3078 1472 3128 aetate,
1486 3072 1724 3120 laboribus
1741 3074 2029 3129 fessuS,vitae
2045 3074 2280 3133 reliquum

1376 3175 1406 3208 c
