2944 3906
1007 558 1463 602 EPISCOPORUM
1493 560 1670 602 VITAE.
2181 568 2234 606 73

436 709 587 754 ridere
622 710 767 761 visuS,
803 707 948 753 nullis
976 707 1097 769 jocis
1132 708 1405 763 delectatus,
1439 708 1599 762 nullis,
1634 710 1710 754 vel
1743 710 1981 763 modestis,
2016 711 2226 758 ridiculis

434 821 563 853 usus.
631 805 778 851 Haud
812 807 963 852 multo
997 813 1106 867 post
1139 807 1405 867 primorum
1439 807 1599 853 concio
1634 806 1802 853 Perthi
1836 813 1907 853 est
1941 808 2132 864 indicta,
2156 817 2222 856 rut

434 903 704 964 reipublicae
727 906 1064 951 consuleretur.
1111 904 1170 951 In
1193 921 1250 951 ea
1265 905 1570 961 wilhelmus,
1588 912 1637 952 et
1661 907 1993 953 canonicorum
2018 913 2065 953 et
2088 911 2223 969 regni

433 1002 670 1063 maJorum
693 1003 989 1060 auctoritate,
1002 1003 1174 1060 vSancti
1196 1003 1402 1050 Andreae
1425 1004 1802 1064 archiepiscopus
1834 1006 2124 1067 designatus,
2150 1021 2227 1052 re-

432 1100 539 1145 nuit
569 1104 758 1162 tantum
781 1089 1029 1163 fastigium
1060 1107 1346 1156 constanter,
1367 1101 1696 1161 Aberdonensi
1731 1104 2002 1164 episcopatu
2033 1111 2223 1151 conten-

432 1205 524 1245 tus.
583 1198 745 1253 Quum
770 1201 896 1246 enim
920 1206 1057 1246 tanta
1078 1200 1326 1262 magnifice
1343 1201 1461 1247 adeo
1487 1206 1663 1263 ageret,
1685 1207 1743 1247 ut
1765 1202 1858 1247 viri
1881 1216 2024 1261 opera
2046 1204 2227 1249 cunctis

403 1281 414 1287 ¹
432 1281 721 1344 haberentur
743 1313 830 1359 pro
860 1299 1104 1353 miraculo,
1133 1314 1379 1360 nunquam
1403 1305 1564 1346 tamen
1596 1299 1835 1346 abbatiam
1859 1300 2061 1360 aliamve
2086 1302 2229 1347 eccle-

433 1397 671 1443 siasticam
695 1396 1029 1457 praefecturam
1054 1394 1128 1455 (ut
1154 1412 1282 1443 nunc
1305 1398 1537 1459 plerique)
1562 1399 2063 1457 commendatione'est
2086 1401 2227 1460 adep-

434 1502 527 1542 tus.
567 1495 891 1543 Aberdoniam
914 1511 964 1542 se
981 1497 1196 1550 contulit,
1214 1497 1265 1542 in
1288 1497 1446 1556 pontis
1465 1497 1689 1556 chorique
1713 1497 1997 1551 conditione,
2021 1513 2226 1558 quorum

433 1597 534 1641 loco
556 1595 685 1640 haud
708 1596 916 1640 multum
939 1595 1136 1640 distanti
1159 1594 1448 1640 mentionem
1471 1594 1684 1649 fecimus,
1709 1601 1852 1655 atque
1877 1597 1982 1642 aliis
2005 1597 2096 1656 piis
2120 1602 2229 1657 ope*

435 1693 568 1739 ribus
590 1693 829 1753 reliquum
852 1693 967 1738 vitae
991 1699 1371 1754 consumpturus.
1419 1693 1653 1754 Cupiebat
1676 1695 1886 1754 optimus
1910 1702 2045 1755 pater
2070 1694 2227 1754 (modo

439 1792 678 1838 dedissent
699 1790 818 1852 fata)
842 1789 1145 1845 Aberdonia'e,
1168 1791 1251 1837 ubi
1286 1792 1515 1852 primaria
1536 1794 1579 1838 ei
1613 1794 1761 1847 sedes,
1789 1794 2048 1854 tranquilla
2071 1795 2228 1854 quiete

438 1897 581 1951 atque
604 1892 716 1945 otio,
751 1890 879 1951 quod
901 1891 1053 1936 multo
1074 1896 1314 1936 meruerat
1337 1890 1510 1945 labore,
1531 1891 1681 1937 vitam
1705 1895 1865 1937 sancte
1889 1897 1936 1938 et
1964 1893 2223 1952 composite

435 1989 584 2036 finire.
622 1986 714 2035 Sed
737 1991 983 2036 revocatus
1007 1988 1068 2034 ad
1090 1989 1227 2051 regni
1249 1989 1495 2049 primores,
1518 1990 1646 2050 quod
1669 1989 1865 2036 suborta
1886 1990 2012 2035 inter
2029 1994 2107 2036 eos
2134 1990 2229 2036 dis-

437 2090 558 2135 sidia
580 2088 756 2148 absque
778 2088 881 2149 eJus
904 2087 1160 2148 praesentia
1182 2088 1336 2134 sedari
1359 2102 1455 2134 non
1478 2093 1713 2148 poterant,
1737 2087 1798 2134 ab
1819 2088 2006 2147 incepto
2029 2089 2225 2134 destitit.

440 2187 786 2233 Profectionem
815 2185 1151 2232 dissuadebant
1181 2186 1320 2232 amici
1346 2183 1470 2247 (jam
1495 2187 1620 2231 enim
1645 2192 1879 2248 aegrotare
1902 2187 2125 2247 coeperat)
2152 2200 2234 2232 ve-·

438 2302 547 2332 rum
570 2287 663 2332 illis
686 2283 944 2346 respondit,
962 2299 1011 2330 se
1034 2299 1131 2331 non
1154 2285 1309 2331 solum
1331 2284 1422 2330 sibi
1444 2290 1627 2338 natum,
1650 2285 1732 2330 sed
1750 2290 1798 2330 et
1820 2285 2003 2344 patriae,
2027 2285 2226 2344 plusque

439 2385 711 2446 reipublicae
745 2387 895 2445 quam'
924 2399 1025 2430 suae
1049 2383 1216 2429 debere
1245 2383 1422 2438 saluti3
1458 2399 1544 2430 nec
1569 2383 1855 2437 valetudine,
1888 2397 1974 2450 nec
2004 2397 2229 2442 quorum-

439 2498 625 2544 cunque
648 2497 793 2529 suasu
826 2481 1163 2542 profectionem
1198 2478 1474 2538 dilaturum.
1536 2480 1790 2527 Profectus
1813 2482 1973 2540 itaque
1998 2481 2229 2526 valetudi-

441 2583 619 2635 narius,
653 2582 808 2627 medio
830 2596 977 2642 prope
1000 2581 1168 2627 itinere
1191 2581 1509 2627 invalescente
1534 2579 1664 2626 febre
1687 2579 2229 2641 Dunfermelingumzdi-

444 2681 619 2726 vertit:
654 2679 737 2724 ubi
760 2694 907 2739 quum
943 2680 1125 2740 aliquot
1159 2679 1456 2726 decubuisset
1484 2680 1597 2734 dies,
1622 2694 1760 2725 omne
1794 2694 1965 2725 aurum
1989 2685 2036 2724 et
2064 2694 2229 2740 argen-

443 2787 562 2833 tum,
586 2778 811 2838 quicquid
833 2778 981 2823 etiam*
1001 2777 1301 2837 supellectilis
1331 2777 1549 2832 habebat,
1581 2778 1641 2824 ad
1664 2778 1739 2823 sui
1762 2778 1944 2839 collegii
1974 2776 2226 2836 Deyaeque

439 2845 597 2938 pontis
635 2876 1103 2928 consummationem,
1143 2876 1241 2921 suis
1277 2890 1465 2935 quoque
1505 2877 1667 2922 amicis
1703 2877 1792 2936 'qui
1828 2875 2032 2920 fortunis
2070 2875 2228 2920 minus

443 2975 762 3028 abundabant,
793 2973 1174 3020 distribuendum
1207 2978 1490 3019 testamento
1512 2974 1690 3035 legavit
1710 2986 1721 3018 ε
1755 2972 1958 3018 habebat
1980 2978 2085 3017 tum
2108 2970 2230 3017 Wil-

442 3074 627 3120 helmus
651 3074 756 3119 auri
780 3072 1058 3134 argentique
1080 3072 1239 3117 decem
1261 3071 1490 3117 librarum
1513 3071 1663 3117 millia
1693 3071 1744 3116 in
1767 3071 1990 3116 thesauro
2009 3083 2022 3124 3
2054 3072 2229 3129 praet'er

446 3172 545 3218 haec
566 3172 718 3218 multa
739 3172 782 3217 ei
806 3171 1059 3218 admodum
1085 3170 1292 3231 pretiosa
1320 3171 1545 3229 supellex.
1610 3168 1948 3231 Edinburgum
1982 3168 2091 3214 inde
2126 3182 2233 3213 con-

1311 3280 1347 3313 K
