<?xml version="1.0" encoding="UTF-8"?>
<!DOCTYPE html PUBLIC "-//W3C//DTD XHTML 1.0 Transitional//EN"
    "http://www.w3.org/TR/xhtml1/DTD/xhtml1-transitional.dtd">
<html xmlns="http://www.w3.org/1999/xhtml" xml:lang="en" lang="en">
 <head>
  <title>
</title>
<meta http-equiv="Content-Type" content="text/html;charset=utf-8" />
  <meta name='ocr-system' content='tesseract 3.04.00' />
  <meta name='ocr-capabilities' content='ocr_page ocr_carea ocr_par ocr_line ocrx_word'/>
</head>
<body>
  <div class='ocr_page' id='page_1' title='image "./hectorisboetiimu00boecuoft_0068.png"; bbox 0 0 2944 3906; ppageno 0'>
   <div class='ocr_carea' id='block_1_1' title="bbox 699 536 1864 584">
    <p class='ocr_par' dir='ltr' id='par_1_1' title="bbox 699 536 1864 584">
     <span class='ocr_line' id='line_1_1' title="bbox 699 536 1864 584; baseline 0.004 -5"><span class='ocrx_word' id='word_1_1' title='bbox 699 540 755 579; x_wconf 83' lang='lat'>54</span> <span class='ocrx_word' id='word_1_2' title='bbox 1320 536 1864 584; x_wconf 89' lang='lat' dir='ltr'>ABERDONENSIUM</span> 
     </span>
    </p>
   </div>
   <div class='ocr_carea' id='block_1_2' title="bbox 684 685 2487 3200">
    <p class='ocr_par' dir='ltr' id='par_1_2' title="bbox 684 685 2487 3200">
     <span class='ocr_line' id='line_1_2' title="bbox 699 685 2483 752; baseline 0.005 -23"><span class='ocrx_word' id='word_1_3' title='bbox 699 698 806 730; x_wconf 90' lang='lat' dir='ltr'>cum</span> <span class='ocrx_word' id='word_1_4' title='bbox 831 685 1049 739; x_wconf 88' lang='lat' dir='ltr'>venisset,</span> <span class='ocrx_word' id='word_1_5' title='bbox 1084 685 1286 748; x_wconf 88' lang='lat' dir='ltr'>benigne</span> <span class='ocrx_word' id='word_1_6' title='bbox 1320 689 1528 742; x_wconf 85' lang='lat' dir='ltr'>auditus,</span> <span class='ocrx_word' id='word_1_7' title='bbox 1551 704 1626 735; x_wconf 88' lang='lat' dir='ltr'>res</span> <span class='ocrx_word' id='word_1_8' title='bbox 1651 704 1712 735; x_wconf 88' lang='lat' dir='ltr'>ex</span> <span class='ocrx_word' id='word_1_9' title='bbox 1734 691 1965 737; x_wconf 89' lang='lat' dir='ltr'>desiderio</span> <span class='ocrx_word' id='word_1_10' title='bbox 1990 693 2254 752; x_wconf 84' lang='lat' dir='ltr'>composuit</span> <span class='ocrx_word' id='word_1_11' title='bbox 2274 704 2286 746; x_wconf 92' lang='grc'>;</span> <span class='ocrx_word' id='word_1_12' title='bbox 2323 692 2483 752; x_wconf 87' lang='lat' dir='ltr'>sicque</span> 
     </span>
     <span class='ocr_line' id='line_1_3' title="bbox 698 784 2487 852; baseline 0.004 -23"><span class='ocrx_word' id='word_1_13' title='bbox 698 784 884 845; x_wconf 84' lang='lat' dir='ltr'>magnis</span> <span class='ocrx_word' id='word_1_14' title='bbox 906 784 1183 832; x_wconf 89' lang='lat' dir='ltr'>muneribus</span> <span class='ocrx_word' id='word_1_15' title='bbox 1214 786 1432 840; x_wconf 89' lang='lat' dir='ltr'>donatus,</span> <span class='ocrx_word' id='word_1_16' title='bbox 1466 792 1515 833; x_wconf 90' lang='lat' dir='ltr'>et</span> <span class='ocrx_word' id='word_1_17' title='bbox 1549 787 1715 833; x_wconf 90' lang='lat' dir='ltr'>ducem</span> <span class='ocrx_word' id='word_1_18' title='bbox 1750 790 2071 836; x_wconf 86' lang='lat' dir='ltr'>reconciliavit</span> <span class='ocrx_word' id='word_1_19' title='bbox 2104 791 2221 852; x_wconf 87' lang='lat' dir='ltr'>regi,</span> <span class='ocrx_word' id='word_1_20' title='bbox 2256 798 2305 837; x_wconf 90' lang='lat' dir='ltr'>et</span> <span class='ocrx_word' id='word_1_21' title='bbox 2327 792 2487 837; x_wconf 90' lang='lat' dir='ltr'>omnia</span> 
     </span>
     <span class='ocr_line' id='line_1_4' title="bbox 698 882 2483 951; baseline 0.004 -24"><span class='ocrx_word' id='word_1_22' title='bbox 698 882 827 942; x_wconf 82' lang='lat' dir='ltr'><strong>pacis</strong></span> <span class='ocrx_word' id='word_1_23' title='bbox 849 884 990 943; x_wconf 92' lang='lat' dir='ltr'>plena</span> <span class='ocrx_word' id='word_1_24' title='bbox 1007 883 1173 929; x_wconf 83' lang='lat' dir='ltr'>effecit.</span> <span class='ocrx_word' id='word_1_25' title='bbox 1208 883 1348 936; x_wconf 87' lang='lat' dir='ltr'>Quod</span> <span class='ocrx_word' id='word_1_26' title='bbox 1365 884 1426 930; x_wconf 93' lang='lat' dir='ltr'>ob</span> <span class='ocrx_word' id='word_1_27' title='bbox 1443 886 1682 940; x_wconf 91' lang='lat' dir='ltr'>meritum,</span> <span class='ocrx_word' id='word_1_28' title='bbox 1705 886 1861 946; x_wconf 91' lang='lat' dir='ltr'>primo</span> <span class='ocrx_word' id='word_1_29' title='bbox 1885 902 1974 933; x_wconf 91' lang='lat' dir='ltr'>suo</span> <span class='ocrx_word' id='word_1_30' title='bbox 1998 887 2208 935; x_wconf 88' lang='lat' dir='ltr'>adventu</span> <span class='ocrx_word' id='word_1_31' title='bbox 2231 890 2291 935; x_wconf 89' lang='lat' dir='ltr'>ad</span> <span class='ocrx_word' id='word_1_32' title='bbox 2308 903 2483 951; x_wconf 88' lang='lat' dir='ltr'>regem,</span> 
     </span>
     <span class='ocr_line' id='line_1_5' title="bbox 696 980 2487 1048; baseline 0.004 -22"><span class='ocrx_word' id='word_1_33' title='bbox 696 980 1048 1027; x_wconf 87' lang='lat' dir='ltr'>Aberdonensis</span> <span class='ocrx_word' id='word_1_34' title='bbox 1071 983 1316 1043; x_wconf 89' lang='lat' dir='ltr'>episcopus</span> <span class='ocrx_word' id='word_1_35' title='bbox 1340 988 1412 1029; x_wconf 90' lang='lat' dir='ltr'>est</span> <span class='ocrx_word' id='word_1_36' title='bbox 1434 983 1709 1046; x_wconf 85' lang='lat' dir='ltr'>designatus</span> <span class='ocrx_word' id='word_1_37' title='bbox 1725 998 1738 1040; x_wconf 85' lang='lat'>3</span> <span class='ocrx_word' id='word_1_38' title='bbox 1763 990 1811 1031; x_wconf 92' lang='lat' dir='ltr'>et</span> <span class='ocrx_word' id='word_1_39' title='bbox 1828 986 1996 1032; x_wconf 89' lang='lat' dir='ltr'>deinde</span> <span class='ocrx_word' id='word_1_40' title='bbox 2013 987 2193 1047; x_wconf 84' lang='lat' dir='ltr'><strong>aliquot</strong></span> <span class='ocrx_word' id='word_1_41' title='bbox 2211 993 2320 1048; x_wconf 91' lang='lat' dir='ltr'>post</span> <span class='ocrx_word' id='word_1_42' title='bbox 2336 1003 2487 1033; x_wconf 90' lang='lat' dir='ltr'>annos</span> 
     </span>
     <span class='ocr_line' id='line_1_6' title="bbox 694 1081 2487 1145; baseline 0.004 -21"><span class='ocrx_word' id='word_1_43' title='bbox 694 1093 897 1141; x_wconf 85' lang='lat' dir='ltr'>magnus</span> <span class='ocrx_word' id='word_1_44' title='bbox 915 1085 1109 1126; x_wconf 85' lang='lat' dir='ltr'>vocatus</span> <span class='ocrx_word' id='word_1_45' title='bbox 1128 1081 1446 1127; x_wconf 89' lang='lat' dir='ltr'>cancellarius.</span> <span class='ocrx_word' id='word_1_46' title='bbox 1506 1081 1682 1129; x_wconf 85' lang='lat' dir='ltr'><strong>Incidit</strong></span> <span class='ocrx_word' id='word_1_47' title='bbox 1703 1084 1755 1129; x_wconf 92' lang='lat' dir='ltr'>in</span> <span class='ocrx_word' id='word_1_48' title='bbox 1777 1084 1866 1130; x_wconf 92' lang='lat' dir='ltr'>hoc</span> <span class='ocrx_word' id='word_1_49' title='bbox 1889 1091 2091 1145; x_wconf 85' lang='lat' dir='ltr'>tempus,</span> <span class='ocrx_word' id='word_1_50' title='bbox 2115 1087 2191 1131; x_wconf 83' lang='lat' dir='ltr'>vel</span> <span class='ocrx_word' id='word_1_51' title='bbox 2216 1100 2312 1132; x_wconf 92' lang='lat' dir='ltr'>non</span> <span class='ocrx_word' id='word_1_52' title='bbox 2334 1088 2487 1132; x_wconf 90' lang='lat' dir='ltr'>multo</span> 
     </span>
     <span class='ocr_line' id='line_1_7' title="bbox 694 1179 2487 1245; baseline 0.005 -23"><span class='ocrx_word' id='word_1_53' title='bbox 694 1182 817 1237; x_wconf 89' lang='lat' dir='ltr'>post,</span> <span class='ocrx_word' id='word_1_54' title='bbox 839 1179 1155 1225; x_wconf 87' lang='lat' dir='ltr'>execrandum</span> <span class='ocrx_word' id='word_1_55' title='bbox 1179 1179 1353 1225; x_wconf 89' lang='lat' dir='ltr'>bellum</span> <span class='ocrx_word' id='word_1_56' title='bbox 1376 1181 1502 1226; x_wconf 88' lang='lat' dir='ltr'>inter</span> <span class='ocrx_word' id='word_1_57' title='bbox 1531 1196 1691 1243; x_wconf 88' lang='lat' dir='ltr'>regem</span> <span class='ocrx_word' id='word_1_58' title='bbox 1715 1183 1911 1244; x_wconf 90' lang='lat' dir='ltr'>ejusque</span> <span class='ocrx_word' id='word_1_59' title='bbox 1944 1184 2317 1245; x_wconf 88' lang='lat' dir='ltr'>primogenitum</span> <span class='ocrx_word' id='word_1_60' title='bbox 2350 1185 2382 1230; x_wconf 89' lang='lat' dir='ltr'><strong>J</strong></span> <span class='ocrx_word' id='word_1_61' title='bbox 2383 1200 2487 1232; x_wconf 90' lang='lat' dir='ltr'>aco-</span> 
     </span>
     <span class='ocr_line' id='line_1_8' title="bbox 694 1276 2485 1342; baseline 0.004 -21"><span class='ocrx_word' id='word_1_62' title='bbox 694 1276 824 1330; x_wconf 91' lang='lat' dir='ltr'>bum,</span> <span class='ocrx_word' id='word_1_63' title='bbox 847 1277 930 1337; x_wconf 92' lang='lat' dir='ltr'>qui</span> <span class='ocrx_word' id='word_1_64' title='bbox 952 1283 1118 1336; x_wconf 88' lang='lat' dir='ltr'>postea</span> <span class='ocrx_word' id='word_1_65' title='bbox 1140 1277 1351 1330; x_wconf 84' lang='lat' dir='ltr'><strong>Quartus</strong></span> <span class='ocrx_word' id='word_1_66' title='bbox 1374 1284 1446 1324; x_wconf 86' lang='lat' dir='ltr'>est</span> <span class='ocrx_word' id='word_1_67' title='bbox 1480 1281 1758 1339; x_wconf 87' lang='lat' dir='ltr'>appellatus,</span> <span class='ocrx_word' id='word_1_68' title='bbox 1781 1282 1909 1339; x_wconf 92' lang='lat' dir='ltr'>quod</span> <span class='ocrx_word' id='word_1_69' title='bbox 1932 1295 2041 1326; x_wconf 92' lang='lat' dir='ltr'>cum</span> <span class='ocrx_word' id='word_1_70' title='bbox 2063 1296 2232 1341; x_wconf 90' lang='lat' dir='ltr'>pacare</span> <span class='ocrx_word' id='word_1_71' title='bbox 2252 1282 2485 1342; x_wconf 88' lang='lat' dir='ltr'>nequiret,</span> 
     </span>
     <span class='ocr_line' id='line_1_9' title="bbox 693 1375 2486 1437; baseline 0.003 -16"><span class='ocrx_word' id='word_1_72' title='bbox 693 1377 802 1421; x_wconf 91' lang='lat' dir='ltr'>licet</span> <span class='ocrx_word' id='word_1_73' title='bbox 832 1375 952 1420; x_wconf 91' lang='lat' dir='ltr'>nihil</span> <span class='ocrx_word' id='word_1_74' title='bbox 986 1376 1230 1434; x_wconf 86' lang='lat' dir='ltr'>reliquerit</span> <span class='ocrx_word' id='word_1_75' title='bbox 1252 1376 1541 1421; x_wconf 87' lang='lat' dir='ltr'>intentatum</span> <span class='ocrx_word' id='word_1_76' title='bbox 1565 1378 1693 1436; x_wconf 90' lang='lat' dir='ltr'>quod</span> <span class='ocrx_word' id='word_1_77' title='bbox 1723 1378 1775 1423; x_wconf 91' lang='lat' dir='ltr'>in</span> <span class='ocrx_word' id='word_1_78' title='bbox 1799 1392 1912 1437; x_wconf 91' lang='lat' dir='ltr'>pace</span> <span class='ocrx_word' id='word_1_79' title='bbox 1935 1378 2221 1426; x_wconf 88' lang='lat' dir='ltr'>conficienda</span> <span class='ocrx_word' id='word_1_80' title='bbox 2243 1381 2303 1426; x_wconf 89' lang='lat' dir='ltr'>ad</span> <span class='ocrx_word' id='word_1_81' title='bbox 2326 1381 2486 1427; x_wconf 87' lang='lat' dir='ltr'>virum</span> 
     </span>
     <span class='ocr_line' id='line_1_10' title="bbox 691 1473 2485 1538; baseline 0.004 -21"><span class='ocrx_word' id='word_1_82' title='bbox 691 1473 868 1518; x_wconf 89' lang='lat' dir='ltr'>bonum</span> <span class='ocrx_word' id='word_1_83' title='bbox 889 1478 1031 1532; x_wconf 89' lang='lat' dir='ltr'>atque</span> <span class='ocrx_word' id='word_1_84' title='bbox 1054 1473 1335 1532; x_wconf 79' lang='lat' dir='ltr'><strong>prudentem</strong></span> <span class='ocrx_word' id='word_1_85' title='bbox 1359 1474 1561 1520; x_wconf 83' lang='lat' dir='ltr'>attinere</span> <span class='ocrx_word' id='word_1_86' title='bbox 1583 1475 1776 1530; x_wconf 87' lang='lat' dir='ltr'>diceres,</span> <span class='ocrx_word' id='word_1_87' title='bbox 1798 1477 1924 1538; x_wconf 88' lang='lat' dir='ltr'>regis</span> <span class='ocrx_word' id='word_1_88' title='bbox 1949 1477 2165 1537; x_wconf 88' lang='lat' dir='ltr'>partibus</span> <span class='ocrx_word' id='word_1_89' title='bbox 2183 1479 2243 1524; x_wconf 90' lang='lat' dir='ltr'>ad</span> <span class='ocrx_word' id='word_1_90' title='bbox 2262 1478 2370 1525; x_wconf 91' lang='lat' dir='ltr'>belli</span> <span class='ocrx_word' id='word_1_91' title='bbox 2386 1481 2485 1526; x_wconf 84' lang='lat' dir='ltr'>exi-</span> 
     </span>
     <span class='ocr_line' id='line_1_11' title="bbox 694 1570 2486 1631; baseline 0.004 -16"><span class='ocrx_word' id='word_1_92' title='bbox 694 1577 798 1616; x_wconf 90' lang='lat' dir='ltr'>tum</span> <span class='ocrx_word' id='word_1_93' title='bbox 821 1585 972 1631; x_wconf 89' lang='lat' dir='ltr'>usque</span> <span class='ocrx_word' id='word_1_94' title='bbox 994 1570 1212 1617; x_wconf 87' lang='lat' dir='ltr'>adhaesit.</span> <span class='ocrx_word' id='word_1_95' title='bbox 1269 1571 1433 1617; x_wconf 89' lang='lat' dir='ltr'>Finito</span> <span class='ocrx_word' id='word_1_96' title='bbox 1457 1577 1470 1597; x_wconf 94' lang='lat'>‘</span> <span class='ocrx_word' id='word_1_97' title='bbox 1484 1572 1747 1619; x_wconf 89' lang='lat' dir='ltr'>infeliciter&#39;</span> <span class='ocrx_word' id='word_1_98' title='bbox 1770 1575 1885 1619; x_wconf 90' lang='lat' dir='ltr'>satis</span> <span class='ocrx_word' id='word_1_99' title='bbox 1904 1574 1992 1620; x_wconf 92' lang='lat' dir='ltr'>hoc</span> <span class='ocrx_word' id='word_1_100' title='bbox 2010 1575 2145 1630; x_wconf 91' lang='lat' dir='ltr'>bello,</span> <span class='ocrx_word' id='word_1_101' title='bbox 2162 1575 2486 1623; x_wconf 87' lang='lat' dir='ltr'>Aberdoniam</span> 
     </span>
     <span class='ocr_line' id='line_1_12' title="bbox 690 1669 2483 1721; baseline 0.004 -7"><span class='ocrx_word' id='word_1_102' title='bbox 690 1670 887 1715; x_wconf 88' lang='lat' dir='ltr'>revisit:</span> <span class='ocrx_word' id='word_1_103' title='bbox 921 1670 1099 1715; x_wconf 90' lang='lat' dir='ltr'>clerum</span> <span class='ocrx_word' id='word_1_104' title='bbox 1122 1669 1396 1715; x_wconf 90' lang='lat' dir='ltr'>melioribus</span> <span class='ocrx_word' id='word_1_105' title='bbox 1428 1670 1661 1717; x_wconf 89' lang='lat' dir='ltr'>institutis</span> <span class='ocrx_word' id='word_1_106' title='bbox 1691 1671 1900 1718; x_wconf 85' lang='lat' dir='ltr'>format:</span> <span class='ocrx_word' id='word_1_107' title='bbox 1936 1673 2102 1719; x_wconf 87' lang='lat' dir='ltr'>divina</span> <span class='ocrx_word' id='word_1_108' title='bbox 2123 1675 2376 1721; x_wconf 86' lang='lat' dir='ltr'>nonnullos</span> <span class='ocrx_word' id='word_1_109' title='bbox 2400 1690 2483 1721; x_wconf 90' lang='lat' dir='ltr'>an-</span> 
     </span>
     <span class='ocr_line' id='line_1_13' title="bbox 691 1768 2484 1834; baseline 0.003 -21"><span class='ocrx_word' id='word_1_110' title='bbox 691 1782 776 1814; x_wconf 90' lang='lat' dir='ltr'>nos</span> <span class='ocrx_word' id='word_1_111' title='bbox 804 1769 1003 1828; x_wconf 90' lang='lat' dir='ltr'>paulum</span> <span class='ocrx_word' id='word_1_112' title='bbox 1034 1769 1261 1829; x_wconf 88' lang='lat' dir='ltr'>neglecta,</span> <span class='ocrx_word' id='word_1_113' title='bbox 1292 1768 1519 1827; x_wconf 86' lang='lat' dir='ltr'>temporis</span> <span class='ocrx_word' id='word_1_114' title='bbox 1553 1769 1821 1829; x_wconf 84' lang='lat' dir='ltr'>iniquitate,</span> <span class='ocrx_word' id='word_1_115' title='bbox 1856 1771 2080 1817; x_wconf 84' lang='lat' dir='ltr'>restituit.</span> <span class='ocrx_word' id='word_1_116' title='bbox 2152 1771 2314 1818; x_wconf 89' lang='lat' dir='ltr'>Prisco</span> <span class='ocrx_word' id='word_1_117' title='bbox 2341 1779 2484 1834; x_wconf 89' lang='lat' dir='ltr'>atque</span> 
     </span>
     <span class='ocr_line' id='line_1_14' title="bbox 690 1865 2485 1929; baseline 0.003 -18"><span class='ocrx_word' id='word_1_118' title='bbox 690 1872 883 1926; x_wconf 91' lang='lat' dir='ltr'>patrum</span> <span class='ocrx_word' id='word_1_119' title='bbox 917 1880 1047 1911; x_wconf 91' lang='lat' dir='ltr'>more</span> <span class='ocrx_word' id='word_1_120' title='bbox 1081 1871 1224 1912; x_wconf 90' lang='lat' dir='ltr'>cantu</span> <span class='ocrx_word' id='word_1_121' title='bbox 1258 1865 1458 1911; x_wconf 91' lang='lat' dir='ltr'>ubilibet</span> <span class='ocrx_word' id='word_1_122' title='bbox 1491 1866 1724 1912; x_wconf 90' lang='lat' dir='ltr'>celebrare</span> <span class='ocrx_word' id='word_1_123' title='bbox 1752 1867 1905 1929; x_wconf 87' lang='lat' dir='ltr'>jubet.</span> <span class='ocrx_word' id='word_1_124' title='bbox 1972 1867 2054 1914; x_wconf 92' lang='lat' dir='ltr'>Ad</span> <span class='ocrx_word' id='word_1_125' title='bbox 2087 1883 2221 1915; x_wconf 88' lang='lat' dir='ltr'>sacra</span> <span class='ocrx_word' id='word_1_126' title='bbox 2253 1871 2345 1916; x_wconf 90' lang='lat' dir='ltr'>rite</span> <span class='ocrx_word' id='word_1_127' title='bbox 2379 1886 2485 1917; x_wconf 84' lang='lat' dir='ltr'>exe-</span> 
     </span>
     <span class='ocr_line' id='line_1_15' title="bbox 687 1962 2484 2028; baseline 0.004 -19"><span class='ocrx_word' id='word_1_128' title='bbox 687 1965 876 2024; x_wconf 88' lang='lat' dir='ltr'>quenda</span> <span class='ocrx_word' id='word_1_129' title='bbox 897 1964 949 2010; x_wconf 92' lang='lat' dir='ltr'>in</span> <span class='ocrx_word' id='word_1_130' title='bbox 970 1963 1166 2010; x_wconf 88' lang='lat' dir='ltr'>basilica</span> <span class='ocrx_word' id='word_1_131' title='bbox 1187 1962 1535 2018; x_wconf 91' lang='lat' dir='ltr'>Aberdonensi,</span> <span class='ocrx_word' id='word_1_132' title='bbox 1559 1970 1688 2011; x_wconf 89' lang='lat' dir='ltr'>creat</span> <span class='ocrx_word' id='word_1_133' title='bbox 1710 1966 2061 2028; x_wconf 85' lang='lat' dir='ltr'>designatorem</span> <span class='ocrx_word' id='word_1_134' title='bbox 2083 1966 2116 2012; x_wconf 88' lang='lat' dir='ltr'><strong>J</strong></span> <span class='ocrx_word' id='word_1_135' title='bbox 2117 1982 2318 2014; x_wconf 88' lang='lat' dir='ltr'>oannem</span> <span class='ocrx_word' id='word_1_136' title='bbox 2343 1969 2484 2016; x_wconf 91' lang='lat' dir='ltr'>Mali-</span> 
     </span>
     <span class='ocr_line' id='line_1_16' title="bbox 688 2063 2482 2126; baseline 0.002 -18"><span class='ocrx_word' id='word_1_137' title='bbox 688 2076 874 2116; x_wconf 90' lang='lat' dir='ltr'>sonum,</span> <span class='ocrx_word' id='word_1_138' title='bbox 897 2063 1078 2108; x_wconf 89' lang='lat' dir='ltr'>musica</span> <span class='ocrx_word' id='word_1_139' title='bbox 1099 2063 1349 2122; x_wconf 86' lang='lat' dir='ltr'>disciplina</span> <span class='ocrx_word' id='word_1_140' title='bbox 1370 2063 1628 2117; x_wconf 87' lang='lat' dir='ltr'>eruditum,</span> <span class='ocrx_word' id='word_1_141' title='bbox 1651 2063 1864 2110; x_wconf 89' lang='lat' dir='ltr'>moribus</span> <span class='ocrx_word' id='word_1_142' title='bbox 1887 2064 2156 2124; x_wconf 88' lang='lat' dir='ltr'>probatum,</span> <span class='ocrx_word' id='word_1_143' title='bbox 2179 2080 2322 2126; x_wconf 90' lang='lat' dir='ltr'>penes</span> <span class='ocrx_word' id='word_1_144' title='bbox 2340 2081 2482 2126; x_wconf 91' lang='lat' dir='ltr'>quem</span> 
     </span>
     <span class='ocr_line' id='line_1_17' title="bbox 691 2157 2482 2222; baseline 0.003 -17"><span class='ocrx_word' id='word_1_145' title='bbox 691 2157 827 2220; x_wconf 91' lang='lat' dir='ltr'>(quos</span> <span class='ocrx_word' id='word_1_146' title='bbox 842 2160 983 2206; x_wconf 88' lang='lat' dir='ltr'>scribi</span> <span class='ocrx_word' id='word_1_147' title='bbox 1005 2165 1053 2206; x_wconf 90' lang='lat' dir='ltr'>et</span> <span class='ocrx_word' id='word_1_148' title='bbox 1074 2160 1345 2206; x_wconf 89' lang='lat' dir='ltr'>concinnari</span> <span class='ocrx_word' id='word_1_149' title='bbox 1362 2159 1554 2222; x_wconf 88' lang='lat' dir='ltr'>fecerat)</span> <span class='ocrx_word' id='word_1_150' title='bbox 1575 2160 1685 2207; x_wconf 92' lang='lat' dir='ltr'>libri</span> <span class='ocrx_word' id='word_1_151' title='bbox 1703 2160 1860 2208; x_wconf 88' lang='lat' dir='ltr'>forent</span> <span class='ocrx_word' id='word_1_152' title='bbox 1881 2163 2102 2209; x_wconf 88' lang='lat' dir='ltr'>rituales..</span> <span class='ocrx_word' id='word_1_153' title='bbox 2133 2163 2262 2210; x_wconf 90' lang='lat' dir='ltr'>Huic</span> <span class='ocrx_word' id='word_1_154' title='bbox 2276 2165 2381 2211; x_wconf 89' lang='lat' dir='ltr'>viro</span> <span class='ocrx_word' id='word_1_155' title='bbox 2403 2166 2482 2212; x_wconf 91' lang='lat' dir='ltr'>de-</span> 
     </span>
     <span class='ocr_line' id='line_1_18' title="bbox 688 2257 2480 2322; baseline 0.004 -19"><span class='ocrx_word' id='word_1_156' title='bbox 688 2258 802 2304; x_wconf 89' lang='lat' dir='ltr'>bent</span> <span class='ocrx_word' id='word_1_157' title='bbox 831 2257 1207 2312; x_wconf 87' lang='lat' dir='ltr'>Aberdonenses,</span> <span class='ocrx_word' id='word_1_158' title='bbox 1238 2258 1469 2304; x_wconf 85' lang='lat' dir='ltr'>musicam</span> <span class='ocrx_word' id='word_1_159' title='bbox 1502 2260 1770 2318; x_wconf 76' lang='lat' dir='ltr'>praesertim</span> <span class='ocrx_word' id='word_1_160' title='bbox 1801 2260 1969 2315; x_wconf 90' lang='lat' dir='ltr'>edocti,</span> <span class='ocrx_word' id='word_1_161' title='bbox 2002 2276 2148 2321; x_wconf 89' lang='lat' dir='ltr'>quam</span> <span class='ocrx_word' id='word_1_162' title='bbox 2181 2264 2368 2322; x_wconf 89' lang='lat' dir='ltr'>parenti</span> <span class='ocrx_word' id='word_1_163' title='bbox 2395 2263 2480 2310; x_wconf 91' lang='lat' dir='ltr'>filii</span> 
     </span>
     <span class='ocr_line' id='line_1_19' title="bbox 688 2356 2481 2418; baseline 0.003 -16"><span class='ocrx_word' id='word_1_164' title='bbox 688 2357 962 2403; x_wconf 84' lang='lat' dir='ltr'>caritatem:</span> <span class='ocrx_word' id='word_1_165' title='bbox 994 2356 1221 2417; x_wconf 86' lang='lat' dir='ltr'>quicquid</span> <span class='ocrx_word' id='word_1_166' title='bbox 1253 2356 1350 2402; x_wconf 89' lang='lat' dir='ltr'>illic</span> <span class='ocrx_word' id='word_1_167' title='bbox 1383 2356 1599 2411; x_wconf 91' lang='lat' dir='ltr'>musices,</span> <span class='ocrx_word' id='word_1_168' title='bbox 1633 2358 1860 2418; x_wconf 90' lang='lat' dir='ltr'>quicquid</span> <span class='ocrx_word' id='word_1_169' title='bbox 1895 2364 2072 2406; x_wconf 86' lang='lat' dir='ltr'>exactae</span> <span class='ocrx_word' id='word_1_170' title='bbox 2095 2360 2147 2406; x_wconf 92' lang='lat' dir='ltr'>in</span> <span class='ocrx_word' id='word_1_171' title='bbox 2175 2359 2267 2407; x_wconf 89' lang='lat' dir='ltr'>Dei</span> <span class='ocrx_word' id='word_1_172' title='bbox 2290 2363 2481 2408; x_wconf 88' lang='lat' dir='ltr'>ecclesia</span> 
     </span>
     <span class='ocr_line' id='line_1_20' title="bbox 686 2454 2476 2517; baseline 0.003 -17"><span class='ocrx_word' id='word_1_173' title='bbox 686 2455 863 2500; x_wconf 91' lang='lat' dir='ltr'>boreali</span> <span class='ocrx_word' id='word_1_174' title='bbox 901 2455 1216 2516; x_wconf 88' lang='lat' dir='ltr'>jubilationis,</span> <span class='ocrx_word' id='word_1_175' title='bbox 1258 2454 1404 2515; x_wconf 87' lang='lat' dir='ltr'>hujus</span> <span class='ocrx_word' id='word_1_176' title='bbox 1440 2455 1545 2500; x_wconf 87' lang='lat' dir='ltr'>viro</span> <span class='ocrx_word' id='word_1_177' title='bbox 1584 2455 1851 2516; x_wconf 87' lang='lat' dir='ltr'>justissime</span> <span class='ocrx_word' id='word_1_178' title='bbox 1884 2456 2084 2503; x_wconf 88' lang='lat' dir='ltr'>debetur</span> <span class='ocrx_word' id='word_1_179' title='bbox 2116 2472 2303 2517; x_wconf 80' lang='lat' dir='ltr'>operae3</span> <span class='ocrx_word' id='word_1_180' title='bbox 2338 2474 2476 2506; x_wconf 87' lang='lat' dir='ltr'>rarus</span> 
     </span>
     <span class='ocr_line' id='line_1_21' title="bbox 687 2551 2476 2618; baseline 0.004 -21"><span class='ocrx_word' id='word_1_181' title='bbox 687 2552 815 2598; x_wconf 88' lang='lat' dir='ltr'>enim</span> <span class='ocrx_word' id='word_1_182' title='bbox 837 2553 1124 2612; x_wconf 88' lang='lat' dir='ltr'>conspicitur</span> <span class='ocrx_word' id='word_1_183' title='bbox 1146 2551 1435 2599; x_wconf 88' lang='lat' dir='ltr'>Aberdoniae</span> <span class='ocrx_word' id='word_1_184' title='bbox 1469 2554 1691 2599; x_wconf 86' lang='lat' dir='ltr'>cantandi</span> <span class='ocrx_word' id='word_1_185' title='bbox 1714 2559 1866 2600; x_wconf 88' lang='lat' dir='ltr'>artem</span> <span class='ocrx_word' id='word_1_186' title='bbox 1889 2556 2168 2602; x_wconf 88' lang='lat' dir='ltr'>excellenter</span> <span class='ocrx_word' id='word_1_187' title='bbox 2189 2557 2370 2611; x_wconf 91' lang='lat' dir='ltr'>doctus,</span> <span class='ocrx_word' id='word_1_188' title='bbox 2393 2559 2476 2618; x_wconf 90' lang='lat' dir='ltr'>qui</span> 
     </span>
     <span class='ocr_line' id='line_1_22' title="bbox 688 2649 2478 2714; baseline 0.004 -19"><span class='ocrx_word' id='word_1_189' title='bbox 688 2664 743 2696; x_wconf 92' lang='lat' dir='ltr'>eo</span> <span class='ocrx_word' id='word_1_190' title='bbox 772 2664 870 2695; x_wconf 91' lang='lat' dir='ltr'>non</span> <span class='ocrx_word' id='word_1_191' title='bbox 901 2649 1047 2696; x_wconf 89' lang='lat' dir='ltr'>fuerit</span> <span class='ocrx_word' id='word_1_192' title='bbox 1079 2664 1195 2696; x_wconf 90' lang='lat' dir='ltr'>usus</span> <span class='ocrx_word' id='word_1_193' title='bbox 1228 2656 1531 2710; x_wconf 88' lang='lat' dir='ltr'>praeceptore.</span> <span class='ocrx_word' id='word_1_194' title='bbox 1600 2650 1760 2697; x_wconf 91' lang='lat' dir='ltr'>Multa</span> <span class='ocrx_word' id='word_1_195' title='bbox 1793 2652 1887 2698; x_wconf 88' lang='lat' dir='ltr'>alia</span> <span class='ocrx_word' id='word_1_196' title='bbox 1913 2653 2018 2714; x_wconf 55' lang='lat' dir='ltr'>,iam</span> <span class='ocrx_word' id='word_1_197' title='bbox 2051 2658 2167 2700; x_wconf 89' lang='lat' dir='ltr'>tunc</span> <span class='ocrx_word' id='word_1_198' title='bbox 2189 2653 2478 2703; x_wconf 87' lang='lat' dir='ltr'>Wilhelmus</span> 
     </span>
     <span class='ocr_line' id='line_1_23' title="bbox 685 2748 2476 2809; baseline 0.004 -16"><span class='ocrx_word' id='word_1_199' title='bbox 685 2748 824 2793; x_wconf 89' lang='lat' dir='ltr'>laude</span> <span class='ocrx_word' id='word_1_200' title='bbox 863 2748 1010 2809; x_wconf 89' lang='lat' dir='ltr'>digna</span> <span class='ocrx_word' id='word_1_201' title='bbox 1048 2753 1240 2793; x_wconf 88' lang='lat' dir='ltr'>acturus</span> <span class='ocrx_word' id='word_1_202' title='bbox 1281 2753 1398 2802; x_wconf 86' lang='lat' dir='ltr'>erat,</span> <span class='ocrx_word' id='word_1_203' title='bbox 1442 2748 1526 2793; x_wconf 91' lang='lat' dir='ltr'>sed</span> <span class='ocrx_word' id='word_1_204' title='bbox 1568 2749 1629 2793; x_wconf 90' lang='lat' dir='ltr'>ad</span> <span class='ocrx_word' id='word_1_205' title='bbox 1668 2749 1849 2794; x_wconf 89' lang='lat' dir='ltr'>curiam</span> <span class='ocrx_word' id='word_1_206' title='bbox 1893 2756 2156 2806; x_wconf 88' lang='lat' dir='ltr'>revocatus,</span> <span class='ocrx_word' id='word_1_207' title='bbox 2201 2767 2255 2798; x_wconf 87' lang='lat' dir='ltr'>ac</span> <span class='ocrx_word' id='word_1_208' title='bbox 2297 2752 2331 2798; x_wconf 86' lang='lat' dir='ltr'>J</span> <span class='ocrx_word' id='word_1_209' title='bbox 2331 2754 2476 2801; x_wconf 88' lang='lat' dir='ltr'>acobo</span> 
     </span>
     <span class='ocr_line' id='line_1_24' title="bbox 686 2845 2473 2910; baseline 0.004 -20"><span class='ocrx_word' id='word_1_210' title='bbox 686 2845 870 2899; x_wconf 86' lang='lat' dir='ltr'>Quarto</span> <span class='ocrx_word' id='word_1_211' title='bbox 894 2845 1175 2906; x_wconf 75' lang='lat' dir='ltr'>¹designatus</span> <span class='ocrx_word' id='word_1_212' title='bbox 1206 2845 1517 2899; x_wconf 88' lang='lat' dir='ltr'>consiliarius,</span> <span class='ocrx_word' id='word_1_213' title='bbox 1550 2845 1877 2893; x_wconf 86' lang='lat' dir='ltr'>benevolentia</span> <span class='ocrx_word' id='word_1_214' title='bbox 1897 2849 2001 2910; x_wconf 89' lang='lat' dir='ltr'>regi</span> <span class='ocrx_word' id='word_1_215' title='bbox 2024 2856 2256 2910; x_wconf 89' lang='lat' dir='ltr'>acceptus,</span> <span class='ocrx_word' id='word_1_216' title='bbox 2279 2865 2473 2898; x_wconf 85' lang='lat' dir='ltr'>venera-</span> 
     </span>
     <span class='ocr_line' id='line_1_25' title="bbox 684 2942 2468 3008; baseline 0.003 -20"><span class='ocrx_word' id='word_1_217' title='bbox 684 2944 811 2989; x_wconf 90' lang='lat' dir='ltr'>tione</span> <span class='ocrx_word' id='word_1_218' title='bbox 842 2942 1034 2989; x_wconf 88' lang='lat' dir='ltr'>habitus</span> <span class='ocrx_word' id='word_1_219' title='bbox 1065 2943 1196 3002; x_wconf 86' lang='lat' dir='ltr'>quali</span> <span class='ocrx_word' id='word_1_220' title='bbox 1219 2950 1329 2988; x_wconf 88' lang='lat' dir='ltr'>ante</span> <span class='ocrx_word' id='word_1_221' title='bbox 1359 2957 1389 2988; x_wconf 88' lang='lat' dir='ltr'>a</span> <span class='ocrx_word' id='word_1_222' title='bbox 1426 2948 1576 3003; x_wconf 88' lang='lat' dir='ltr'>patre,</span> <span class='ocrx_word' id='word_1_223' title='bbox 1605 2944 1847 3004; x_wconf 85' lang='lat' dir='ltr'>inceptum</span> <span class='ocrx_word' id='word_1_224' title='bbox 1869 2946 1921 2991; x_wconf 91' lang='lat' dir='ltr'>in</span> <span class='ocrx_word' id='word_1_225' title='bbox 1943 2947 2255 3006; x_wconf 90' lang='lat' dir='ltr'>opportunius</span> <span class='ocrx_word' id='word_1_226' title='bbox 2282 2954 2468 3008; x_wconf 89' lang='lat' dir='ltr'>tempus</span> 
     </span>
     <span class='ocr_line' id='line_1_26' title="bbox 685 3039 2465 3108; baseline 0.004 -23"><span class='ocrx_word' id='word_1_227' title='bbox 685 3040 884 3086; x_wconf 89' lang='lat' dir='ltr'>distulit.</span> <span class='ocrx_word' id='word_1_228' title='bbox 941 3039 1205 3086; x_wconf 84' lang='lat' dir='ltr'>Restabant</span> <span class='ocrx_word' id='word_1_229' title='bbox 1225 3040 1440 3100; x_wconf 77' lang='lat' dir='ltr'>reliquiae</span> <span class='ocrx_word' id='word_1_230' title='bbox 1461 3042 1682 3100; x_wconf 88' lang='lat' dir='ltr'>quaedam</span> <span class='ocrx_word' id='word_1_231' title='bbox 1704 3043 1878 3089; x_wconf 85' lang='lat' dir='ltr'>veteris</span> <span class='ocrx_word' id='word_1_232' title='bbox 1900 3043 2147 3090; x_wconf 86' lang='lat' dir='ltr'>discordiae</span> <span class='ocrx_word' id='word_1_233' title='bbox 2178 3043 2304 3090; x_wconf 87' lang='lat' dir='ltr'>inter</span> <span class='ocrx_word' id='word_1_234' title='bbox 2329 3049 2465 3108; x_wconf 88' lang='lat' dir='ltr'>regni</span> 
     </span>
     <span class='ocr_line' id='line_1_27' title="bbox 686 3135 2470 3200; baseline 0.004 -17"><span class='ocrx_word' id='word_1_235' title='bbox 686 3135 1056 3197; x_wconf 70' lang='lat' dir='ltr'>primores‚.quae</span> <span class='ocrx_word' id='word_1_236' title='bbox 1073 3138 1167 3184; x_wconf 90' lang='lat' dir='ltr'>nisi</span> <span class='ocrx_word' id='word_1_237' title='bbox 1185 3138 1470 3197; x_wconf 87' lang='lat' dir='ltr'>sopirentur,</span> <span class='ocrx_word' id='word_1_238' title='bbox 1486 3138 1681 3200; x_wconf 87' lang='lat' dir='ltr'>majoris</span> <span class='ocrx_word' id='word_1_239' title='bbox 1703 3139 1886 3186; x_wconf 86' lang='lat' dir='ltr'>dissidii</span> <span class='ocrx_word' id='word_1_240' title='bbox 1902 3140 2171 3187; x_wconf 87' lang='lat' dir='ltr'>incendium</span> <span class='ocrx_word' id='word_1_241' title='bbox 2186 3143 2470 3191; x_wconf 87' lang='lat' dir='ltr'>videbantur</span> 
     </span>
    </p>
   </div>
  </div>
 </body>
</html>
