2944 3906
1020 427 1478 471 EPISCOPORUM
1508 429 1685 472 VITAE.
2216 436 2242 472 7

454 574 578 620 enim
597 573 845 620 Wilhelmi
863 574 1004 635 regiS,
1023 589 1052 619 a
1068 589 1164 635 quo
1178 576 1385 635 praediis,
1400 577 1527 638 agris
1545 583 1593 623 et
1610 577 1881 623 nemoribus
1898 578 1955 624 de
1970 577 2092 625 Bras
2110 578 2254 624 libere

453 679 523 718 est
538 673 755 725 donatus,
773 686 955 717 annum
971 673 1167 719 tertium
1186 689 1331 734 supra
1347 676 1652 730 tricesimum,
1662 691 1812 736 quum
1826 691 1851 721 e
1868 677 2022 723 medio
2036 677 2250 724 sublatus

454 777 539 824 est,
563 769 744 815 Christi
767 769 1105 817 incarnationis
1129 787 1254 819 anno
1271 773 1521 820 millesimo
1543 775 1798 821 centesimo
1820 775 2255 836 nonagesimosep-

423 857 425 860 ’
453 869 584 914 timo.

518 1065 588 1111 Et
605 1064 637 1111 J
639 1064 833 1112 OANN
837 1064 935 1121 ΕΞ,
955 1067 1095 1114 Prior
1108 1069 1166 1114 de
1184 1067 1374 1123 Calcho‚
1397 1069 1499 1131 ejus
1522 1070 1574 1115 in
1590 1071 1746 1116 locum
1768 1070 1990 1116 suffectus
2013 1075 2100 1116 est.
2133 1069 2256 1118 Erat

452 1164 484 1209 J
486 1180 660 1211 oannes
678 1165 867 1225 publica
884 1166 1000 1221 vita,
1014 1181 1070 1212 ea
1091 1167 1319 1229 religione
1342 1182 1438 1228 qua
1459 1168 1662 1228 privata,
1679 1169 1873 1215 virtutis
1898 1169 2136 1229 exemplar
2159 1184 2258 1215 om-

452 1265 589 1310 nium
612 1265 847 1310 sententia
869 1265 1171 1320 imitandum,
1193 1265 1496 1312 fortunarum
1521 1272 1816 1327 contemptor
1852 1267 1967 1312 adeo
1995 1272 2050 1313 ut
2079 1267 2255 1313 nullius

452 1364 644 1424 indigus
671 1377 771 1408 esse
798 1377 1011 1423 unquam
1039 1364 1260 1423 potuerit.
1331 1364 1554 1424 Optimus
1582 1366 1709 1410 enim
1737 1365 1948 1418 antistes,
1979 1364 2061 1411 ubi
2093 1366 2252 1411 omnia

454 1476 564 1521 quae
587 1460 834 1513 habuerat,
854 1466 939 1506 aut
961 1461 1013 1506 in
1030 1461 1240 1506 aedificiis
1258 1467 1307 1507 et
1323 1463 1612 1508 ornamentis
1632 1463 1918 1522 templorum
1936 1468 2020 1508 aut
2036 1463 2255 1523 pauperi-

453 1559 541 1604 bus
566 1564 819 1620 erogasset,
842 1573 970 1604 nono
992 1573 1118 1604 anno
1141 1559 1217 1604 sui
1239 1534 1542 1618 pontificatus
1566 1560 1666 1605 vita
1696 1561 1912 1631 excessit,
1933 1559 2114 1606 Christi
2141 1573 2253 1606 vero
2288 1559 2413 1606 A.D.
2441 1558 2580 1605 1206.

455 1662 590 1704 sexto
612 1671 759 1717 supra
780 1657 1089 1704 millesimum
1111 1657 1500 1703 ducentesimum.

520 1854 667 1903 Anno
701 1857 863 1902 eodem
896 1855 1185 1903 ADAMUS
1213 1855 1565 1903 Aberdonensis
1600 1857 1844 1924 episcopus
1882 1861 2091 1910 vocatur,
2117 1856 2252 1917 regis

453 1955 612 2014 potius
636 1969 782 2001 suasu
804 1960 852 2001 et
873 1955 1074 2015 imperio
1096 1970 1243 2016 quam
1265 1956 1541 2001 clericorum
1563 1955 1816 2016 suffragiis,
1850 1955 1935 2014 qui
1966 1955 2086 2000 inito
2107 1953 2258 2015 magi-

454 2060 610 2100 stratu
632 2055 776 2116 regiis
804 2054 1009 2116 negotiis
1038 2061 1095 2101 ut
1124 2055 1342 2114 privatus
1371 2054 1538 2114 primis
1570 2054 1708 2100 annis
1735 2054 1949 2099 addictus
1980 2057 2094 2098 erat.
2164 2051 2257 2097 Sed

453 2151 714 2199 Wilhelmo
735 2152 848 2199 fatis
872 2154 1078 2206 cedente,
1093 2152 1417 2199 Aberdoniam
1435 2167 1465 2198 a
1483 2153 1606 2198 clero
1620 2157 1668 2198 et
1690 2153 1866 2212 populo
1883 2153 2075 2206 accitus,
2101 2151 2162 2196 ad
2184 2164 2255 2196 ec-

455 2252 609 2298 clesiae
632 2253 931 2314 dignitatem,
954 2250 1194 2311 prioribus
1217 2251 1355 2297 annis
1378 2265 1466 2297 sua
1487 2250 1671 2296 incuria
1686 2250 1883 2309 paulum
1904 2249 2248 2303 labefactatam,

454 2351 767 2410 reparandam
785 2354 942 2396 totum
956 2349 1170 2395 animum
1187 2349 1372 2411 adjecit.
1407 2347 1509 2394 Nec
1522 2348 1606 2394 diu
1619 2347 1867 2408 superfuit,
1903 2346 2113 2393 Moritur
2125 2348 2252 2394 enim

453 2454 562 2507 post
595 2454 896 2509 assumptum
930 2446 1258 2508 pontificatum
1289 2461 1415 2493 anno
1447 2446 1670 2492 vicesimo
1699 2444 1867 2505 primo,
1890 2443 2153 2491 Alexandri
2181 2460 2251 2491 se-

454 2548 596 2594 cundi
640 2547 767 2609 regis
812 2547 1076 2600 undecimo,
1124 2551 1172 2591 et
1216 2550 1394 2592 nostrae
1433 2544 1599 2591 salutis
1644 2543 1893 2589 millesimo
1932 2543 2252 2590 ducentesimo
2283 2543 2408 2593 A.D.
2435 2550 2578 2600 1227.

452 2645 676 2690 vicesimo
698 2645 913 2704 septimo.

522 2840 641 2888 Inde
664 2839 1086 2887 MATTHAEUM
1109 2842 1246 2903 regni
1265 2841 1611 2887 Cancellarium
1625 2841 1775 2886 clerus
1790 2853 1898 2886 cum
1912 2839 2086 2899 populo
2099 2835 2250 2883 Aber-

455 2941 653 2986 donensi
676 2940 917 2986 communi
931 2953 1162 2986 consensu
1184 2938 1447 2984 antistitem
1463 2938 1737 2999 postulavit,
1751 2937 1906 2983 felices
1928 2950 2027 2982 sese
2050 2935 2249 2981 arbitra-

455 3039 509 3091 ti,
532 3040 574 3085 si
597 3039 756 3087 virum
779 3039 865 3085 tali
888 3038 1119 3085 modestia
1139 3037 1410 3098 praeditum,
1428 3036 1621 3083 consilio
1643 3041 1691 3082 et
1712 3034 1991 3083 auctoritate
2013 3034 2128 3080 adeo
2150 3034 2248 3094 pol-

456 3138 647 3192 lentem,
670 3142 909 3199 pastorem
933 3142 1088 3185 essent
1109 3135 1334 3184 habituri.
1395 3134 1494 3182 Vix
1515 3139 1776 3182 assenserat
1799 3132 2076 3187 Matthaeus,
2099 3145 2246 3193 quum
